2324 3832
247 164 339 223 vma
356 163 610 221 wrnsmeoaor
626 164 799 226 uererer.
833 167 900 223 ure.
919 168 954 224 11.
1045 171 1088 237 33

118 318 262 404 Cumque
283 317 455 404 fatigatus,
477 316 629 383 Phoebea
652 316 798 402 lampade
820 322 924 385 tostus

119 404 236 469 Divitis
256 403 293 468 in
313 406 444 488 pratum
465 402 558 486 previ
581 403 752 469 diverteret
773 404 932 501 amplum,

120 488 181 555 Vir
200 487 283 553 moti
305 487 419 572 cepitis
464 488 617 571 rocurrit,
640 488 773 553 victima
794 486 897 572 onis,

118 573 274 639 Evomuit
294 573 425 639 foedum
441 510 514 637 liti·
536 593 596 656 pus
618 576 716 670 atque
737 593 914 653 venenum,

78 656 317 742 &Cornipedee
337 658 422 722 laeto
445 677 556 723 caesos
578 661 685 742 eregrt
706 658 747 723 ab
770 679 854 724 ervo.

120 742 181 809 Sed
201 742 322 808 celeres
384 743 468 808 uites
489 761 558 806 non
580 742 687 827 iurgia
708 746 801 808 tanta
823 744 963 810 ferentes

121 825 200 893 cam
222 826 345 892 vellent
389 829 494 892 ostem
516 826 584 891 vita
604 827 732 910 privare
753 849 941 912 procacem,

120 911 229 990 lussit,
252 931 295 976 ne
316 909 476 1005 fpoerent,
499 931 541 975 ne
563 911 722 996 sanguine
744 933 778 976 se
801 913 1011 979 macularent.

121 995 277 1061 Dulcibus
299 994 386 1061 hunc
408 995 517 1060 verbis
538 1016 598 1079 pro
621 997 716 1062 factis
739 996 860 1061 mulcet
883 998 1022 1063 acerbis:

79 1080 230 1146 m‘Paroe
252 1080 330 1161 tibi,
353 1079 415 1161 fili,
437 1101 480 1145 ne
502 1081 604 1162 saevi,
626 1101 721 1164 parce
743 1080 860 1160 furori,

121 1165 171 1231 Ad
190 1169 224 1231 te
246 1164 363 1249 collige
384 1169 435 1245 te,
458 1168 602 1229 mentem
624 1185 716 1251 rege,
739 1169 806 1250 sta,
830 1166 894 1231 resi
917 1166 1000 1247 isce,

122 1248 223 1314 Pensa
230 1299 240 1333 ,
264 1250 292 1314 si
315 1269 445 1333 caperes
467 1234 544 1333 iter,
567 1270 610 1315 an
631 1250 664 1314 id
687 1251 740 1336 agi
761 1252 823 1316 tibi
846 1188 954 1316 velles.

123 1331 207 1409 Quae
228 1339 299 1401 tam
320 1332 483 1398 crudelem
505 1334 624 1399 retinet
644 1357 725 1418 gens
748 1335 885 1402 barbara
907 1357 1046 1421 morem,

121 1421 240 1484 Arceat
261 1421 301 1483 ut
320 1417 417 1483 viridi
439 1418 540 1483 lassos
562 1418 601 1484 de
623 1420 770 1504 gramine
793 1421 916 1504 campi,

80 1518 112 1561 res
125 1501 214 1578 Quod
238 1502 314 1567 dum
337 1523 417 1588 grex
438 1502 538 1584 rodit,
562 1506 690 1569 tantum
712 1527 765 1570 ros
786 1511 882 1570 nocte
904 1505 1047 1589 reponit,

124 1585 281 1653 Observet
303 1587 425 1665 fontes,
449 1586 590 1653 declivos
613 1589 753 1674 abneget
773 1589 907 1654 amnes?

122 1670 195 1736 Non
216 1672 280 1737 tibi
302 1672 455 1736 molimur
477 1671 647 1752 damnum,
669 1694 729 1757 pro
751 1695 831 1756 pace
852 1673 1015 1752 venimus,

122 1756 297 1822 Tendimus
319 1757 355 1821 in
376 1755 520 1822 Fresiem
543 1778 694 1841 sponsam
717 1756 845 1821 domino
867 1755 1089 1840 copulandam.

122 1840 262 1926 Legatos
284 1840 396 1925 sponsi
419 1862 495 1906 cura
517 1841 545 1907 si
567 1842 686 1907 iuveris
707 1842 811 1925 omni,
1011 1847 1030 1903 f.
1042 1853 1090 1903 75γ

76 1942 109 1984 uo
121 1925 269 1990 Praemia
289 1925 448 2010 percipies
469 1947 528 2010 per
550 1948 627 2011 nos,
651 1925 740 1991 velut
762 1927 830 2012 ipse
852 1926 989 1991 labores.

123 2009 239 2076 Desere
260 2030 446 2090 rancorem,
468 2011 581 2095 procul
604 2034 624 2076 a
645 2016 679 2076 te
700 2011 785 2096 pelle
808 2016 984 2092 tumorem,

120 2093 299 2161 Nobiscum
320 2094 459 2178 prande,
483 2095 572 2179 bibe,
595 2096 762 2161 nobiscum
785 2118 825 2161 ue
847 2096 982 2161 recede.’

120 2179 271 2245 Profecto
293 2180 384 2245 nullo
405 2184 556 2245 narratur
577 2179 688 2245 fabula
710 2119 820 2246 surio:

120 2262 278 2351 Congruit
299 2263 374 2328 huic
396 2269 489 2330 ‘onos
510 2264 625 2348 lyras',
648 2264 793 2328 induruit
813 2265 872 2326 ira.

72 2364 108 2405 ue
123 2347 188 2413 Mel
210 2352 305 2432 pater
325 2347 464 2431 infudit,
486 2349 591 2426 virus,
614 2346 660 2410 fel
682 2346 737 2410 ille
759 2345 898 2410 refudit:

124 2430 212 2497 ‘Non
234 2452 294 2516 pro
316 2453 395 2515 pace
416 2434 524 2515 venis,
549 2430 733 2517 aretalogus
755 2451 824 2496 esse
847 2428 975 2494 videris.

122 2514 183 2581 Sed
205 2517 273 2581 vim
295 2516 453 2581 dictorum
476 2521 668 2600 contemno,
691 2516 797 2583 refuto
819 2518 964 2592 tuorum,

122 2599 198 2664 Non
219 2622 293 2666 mea
314 2604 409 2686 prata
430 2606 533 2666 sinam
555 2602 694 2750 depasci,
715 2625 782 2669 non
805 2602 866 2667 tibi
888 2601 1008 2670 cedam.

121 2682 205 2749 Nolo
227 2687 381 2767 moreris,
404 2686 474 2769 abi,
496 2708 569 2752 mea
603 2687 715 2757 cedere
737 2708 858 2772 pascua
879 2686 957 2753 noli.

72 2767 244 2834 amanus
266 2769 341 2834 nolo
364 2773 472 2851 tuum,
499 2791 564 2835 nou
586 2771 744 2856 prandeo,
774 2791 841 2835 non
863 2770 939 2834 bibo
961 2772 1091 2832 tecum’

125 2851 210 2919 ‘Non
234 2855 324 2934 bibe,
346 2855 392 2920 sic
414 2855 471 2921 sit!
509 2856 556 2921 ait
577 2859 690 2921 doctor
712 2855 843 2919 divinus
866 2857 898 2917 et
920 2852 995 2931 ivit,

122 2936 232 3022 liquit
254 2939 409 3004 evantius
431 2940 515 3019 loca,
539 2941 656 3006 radicis
677 2939 824 3004 vitiosae.

122 3021 197 3088 Non
220 3023 334 3088 aberat
355 3023 468 3109 longe,
491 3024 563 3089 sitis
586 3026 682 3110 ignea
704 3023 806 3089 crevit
827 3022 863 3087 in
884 3020 995 3100 hoste,

124 3108 171 3171 Ac
193 3108 222 3172 si
243 3128 302 3192 per
325 3129 422 3174 venas
444 3108 597 3193 repsisset
619 3109 742 3175 torrida
763 3108 880 3192 dipsas.

188 3263 238 3313 451
257 3257 383 3314 Phebeia
402 3260 461 3316 GT
545 3264 596 3313 464
613 3258 728 3313 foedum
747 3260 774 3315 G
819 3257 961 3314 fedumT
1043 3261 1095 3311 460

122 3325 182 3379 sevi
205 3325 232 3379 T
310 3331 360 3379 488
383 3344 423 3384 on
445 3328 558 3382 obseret
580 3327 612 3379 nt
633 3327 742 3381 fontes?
818 3334 871 3382 470
897 3326 1010 3380 Premia
1039 3321 1098 3380 GT

121 3397 170 3446 472
189 3393 355 3449 recaedeG
429 3400 479 3450 478
498 3392 661 3450 caedamd
740 3399 791 3450 480
808 3395 930 3464 prender
949 3394 974 3446 Τ
1044 3395 1095 3445 488

122 3459 245 3515 viciosae
264 3459 323 3514 GT
389 3467 440 3517 484
458 3463 562 3531 dypsas
580 3460 639 3517 GT

171 3552 287 3595 rmonru
302 3555 353 3600 vra
368 3559 473 3602 Wilubr.
488 3560 557 3603 meu.
570 3557 608 3602 aa.
619 3556 748 3611 serenare.
899 3551 920 3599 8
