2370 3810
151 141 193 207 28
441 166 444 171 ·
543 142 733 200 THIOFRIDI

154 294 208 362 Sol
230 295 276 359 ibi
297 295 519 380 retrogradus,
542 296 594 362 hic
617 299 703 361 retro
727 297 824 362 cessit
844 297 991 382 abyssus,

151 379 214 445 Est
235 402 323 446 mare
346 382 546 463 conclusum,
570 382 655 446 vitae
679 382 767 467 capit
787 381 895 447 insula
916 382 1074 450 fructum.

104 480 144 521 ²⁸⁵
200 464 289 530 XIV.
325 465 458 530 Praesul
479 466 616 531 firmatis
637 466 733 530 rediit
754 466 829 531 fidei
852 465 1064 552 rudimentis,

152 549 268 615 Pastor
289 572 365 615 oves
387 551 476 634 adiit,
498 571 556 635 per
577 551 713 635 pinguia
734 573 855 635 pascua
876 554 977 635 pavit.
1141 546 1148 560 ’

152 634 229 701 Non
252 640 300 700 est
326 635 464 715 obiitus,
487 640 609 718 quanto
632 639 675 700 sit
695 635 819 700 honore
841 636 982 720 potitus,

153 718 239 784 Dum
262 740 329 783 non
352 723 401 783 est
421 719 544 800 laesus,
567 719 657 784 letali
678 720 812 785 vulnere
835 741 961 805 caesus,

154 802 241 867 Dum
263 804 360 868 verbo
383 808 513 890 gentem
535 804 671 869 subiecit
692 805 728 869 in
750 804 1041 890 arma2furentem,

101 905 141 946 290
155 886 299 973 Regibus
321 889 475 954 invictam
498 888 623 954 domuit
644 911 678 953 se
699 911 841 974 paupere
863 890 981 957 victam

154 976 204 1039 Ac
227 973 369 1040 Nereum
393 974 496 1039 vinxit
517 975 681 1059 refluoque
703 974 857 1060 repagula
878 975 964 1040 fixit:

153 1059 230 1123 Non
252 1059 312 1124 hoc
334 1058 495 1123 Lethaeus
518 1060 622 1142 quivit
643 1060 848 1207 submergere
870 1061 967 1125 rivus.

155 1142 218 1210 Sed
242 1164 275 1207 se
299 1143 489 1226 discutiens,
513 1144 574 1207 sibi
596 1144 752 1228 praestita
796 1165 860 1208 ona
880 1144 1069 1231 revolvens,

155 1227 316 1310 Quicquid
338 1227 466 1292 sudavit
487 1228 591 1310 prius,
615 1232 652 1292 ut
673 1227 811 1292 nihilum
833 1231 1010 1315 reputavit3

104 1329 144 1369 aas
157 1311 218 1376 Est
241 1312 303 1375 sibi
326 1311 473 1376 difficiles
496 1316 630 1377 conatus
653 1313 740 1377 adire
762 1313 897 1378 labores.

155 1395 293 1460 Paulum
316 1416 373 1460 vas
396 1395 548 1475 electum,
571 1418 628 1461 vas
650 1397 781 1463 imitans
803 1397 981 1482 pretiosum

155 1481 219 1545 Per
240 1480 363 1565 lepidos
385 1484 474 1546 actus
497 1485 547 1544 est
568 1482 717 1547 omnibus
739 1483 847 1547 omnia
867 1482 984 1550 factus.

155 1565 171 1631 Ι
219 1567 246 1630 is
270 1565 467 1646 discurrens,
490 1566 642 1631 animalia
664 1572 776 1632 sancta
797 1588 953 1651 perurens

187 1651 317 1716 iscurrit
338 1673 396 1735 per
418 1673 491 1718 eum
514 1672 572 1735 per
594 1651 808 1716 conciliabula
828 1652 984 1733 fratrum,

103 1735 249 1801 eoohissct
270 1741 307 1801 ut
328 1736 380 1801 his
401 1758 553 1821 praesens
575 1736 698 1817 animo,
721 1736 805 1800 facie
827 1737 905 1801 licet
925 1738 1055 1805 absens.

153 1819 225 1885 Hoc
246 1820 387 1905 flagrans
409 1822 479 1905 igni
503 1820 648 1896 discursu
670 1821 831 1905 spirituali
1045 1831 1067 1889 f.
1078 1837 1128 1887 '12'

153 1904 193 1968 In
217 1906 284 1968 vico
308 1903 438 1969 Suestra
459 1906 554 1988 petiit
576 1907 770 1971 monachilia
791 1909 913 1990 saepta.

155 1992 257 2053 Actus
279 2009 385 2052 amore
407 1989 477 2052 viae
499 1990 653 2054 brevioris
676 1994 708 2054 et
730 1991 956 2056 accelerandae

155 2072 297 2137 Transiit
320 2077 458 2159 angusto
481 2095 539 2156 per
560 2075 674 2139 aristas
696 2075 799 2140 limite
824 2075 936 2156 ducto,

103 2176 141 2217 acc
154 2157 289 2240 Limite,
312 2160 368 2242 qui
389 2158 496 2223 tenuis
518 2157 622 2223 dictus
643 2160 732 2245 rigor
754 2181 774 2223 a
795 2160 967 2245 geometris

154 2242 194 2308 In
216 2244 460 2329 praesignatum
481 2244 622 2309 trahitur
644 2246 735 2330 quasi
757 2245 844 2310 linea
866 2247 1007 2331 signum.
1031 2276 1035 2283 ·

155 2327 218 2395 Sed
240 2333 329 2394 tutor
352 2329 470 2415 segetis
492 2333 658 2413 permotus
679 2330 745 2394 bile
767 2330 886 2395 furoris

154 2413 274 2478 Insauo
297 2414 397 2478 currit
419 2414 549 2496 similis,
572 2415 717 2479 convicia
738 2414 823 2479 fudit

155 2496 431 2643 Comipedemque
452 2497 505 2560 via
526 2500 629 2562 vetnit
672 2520 839 2563 recurrere
860 2500 947 2565 trita.

103 2600 141 2641 ero
155 2581 267 2647 Verua
290 2581 341 2645 dei
385 2580 480 2658 oluit,
504 2580 610 2660 siluit,
656 2583 783 2665 ivertit,
807 2583 918 2649 abivit.

156 2665 218 2731 Sed
240 2686 313 2729 cum
335 2664 469 2729 Tithoni
492 2686 547 2729 sur
571 2687 628 2731 ens
651 2668 776 2733 Aurora
798 2667 897 2733 cubili

155 2749 270 2815 Visum
291 2749 490 2815 mundanum
512 2686 614 2815 sciam
635 2758 857 2837 praecurreret
878 2756 1000 2834 ortum,

154 2835 206 2899 Ad
229 2856 339 2900 curam
362 2835 440 2900 culti
462 2835 558 2900 rediit
579 2836 785 2920 blasphemus
808 2838 916 2923 agelli,

155 2919 220 2984 Ivit
242 2941 386 3004 securus,
410 2920 465 2984 sed
487 2920 523 2983 in
544 2924 711 2986 aeternum
732 2923 910 3005 periturus:

103 3021 141 3063 eu
155 3002 261 3068 Morte
283 3005 452 3088 repentina
474 3005 583 3069 divina
605 3006 745 3071 concidit
766 3007 815 3070 ira

222 3171 449 3228 285PresulGT
510 3174 679 3230 288lesus1'
710 3175 847 3232 laetali&
880 3176 997 3232 vulnere
1012 3176 1130 3234 lesusY

155 3245 204 3294 292
226 3239 350 3295 Letheus
373 3238 399 3292 Τ
439 3239 579 3296 haetheus
598 3243 625 3297 G
710 3248 760 3298 299
782 3245 904 3314 prestita
931 3244 989 3301 GT
1073 3252 1128 3304 294

154 3306 297 3375 Quidquid
317 3308 343 3362 T
419 3312 469 3361 296
487 3310 645 3388 preciosum
666 3309 724 3365 GT
801 3319 852 3369 298
870 3312 993 3368 sacraT
1072 3321 1127 3372 900

152 3375 315 3446 presens&
366 3381 416 3432 902
438 3378 512 3445 petit
529 3377 555 3431 Τ
588 3380 669 3449 septa
686 3378 713 3431 Τ
780 3386 830 3435 300
848 3381 1044 3451 presignatum
1065 3382 1128 3439 GT

153 3450 203 3499 311
222 3443 346 3513 Thytoni
365 3444 423 3499 GT
491 3452 541 3501 312
559 3447 739 3516 precurreret
757 3448 815 3503 GT
