<?xml version="1.0" encoding="UTF-8"?>
<!DOCTYPE html PUBLIC "-//W3C//DTD XHTML 1.0 Transitional//EN"
    "http://www.w3.org/TR/xhtml1/DTD/xhtml1-transitional.dtd">
<html xmlns="http://www.w3.org/1999/xhtml" xml:lang="en" lang="en">
 <head>
  <title>
</title>
<meta http-equiv="Content-Type" content="text/html;charset=utf-8" />
  <meta name='ocr-system' content='tesseract 3.04.00' />
  <meta name='ocr-capabilities' content='ocr_page ocr_carea ocr_par ocr_line ocrx_word'/>
</head>
<body>
  <div class='ocr_page' id='page_1' title='image "./thiofridieptern00rossgoog_0093.png"; bbox 0 0 2370 3810; ppageno 0'>
   <div class='ocr_carea' id='block_1_1' title="bbox 141 168 716 235">
    <p class='ocr_par' dir='ltr' id='par_1_1' title="bbox 141 168 716 235">
     <span class='ocr_line' id='line_1_1' title="bbox 141 168 716 235; baseline -0.002 -11"><span class='ocrx_word' id='word_1_1' title='bbox 141 169 183 235; x_wconf 84' lang='grc'><strong>62</strong></span> <span class='ocrx_word' id='word_1_2' title='bbox 525 168 716 225; x_wconf 78' lang='lat' dir='ltr'><strong>THIOFRIDI</strong></span> 
     </span>
    </p>
   </div>
   <div class='ocr_carea' id='block_1_2' title="bbox 61 321 1117 3196">
    <p class='ocr_par' dir='ltr' id='par_1_2' title="bbox 140 321 1070 577">
     <span class='ocr_line' id='line_1_2' title="bbox 140 321 1032 408; baseline 0.003 -23"><span class='ocrx_word' id='word_1_3' title='bbox 140 321 275 386; x_wconf 75' lang='lat' dir='ltr'><strong>Exultat</strong></span> <span class='ocrx_word' id='word_1_4' title='bbox 295 322 443 406; x_wconf 91' lang='lat' dir='ltr'><strong>populus,</strong></span> <span class='ocrx_word' id='word_1_5' title='bbox 467 326 571 406; x_wconf 87' lang='lat' dir='ltr'><strong>parat,</strong></span> <span class='ocrx_word' id='word_1_6' title='bbox 593 325 644 386; x_wconf 91' lang='lat' dir='ltr'><strong>est</strong></span> <span class='ocrx_word' id='word_1_7' title='bbox 665 343 830 387; x_wconf 89' lang='lat' dir='ltr'><strong>occurrere</strong></span> <span class='ocrx_word' id='word_1_8' title='bbox 852 327 1032 408; x_wconf 90' lang='lat' dir='ltr'><strong>promptus,</strong></span> 
     </span>
     <span class='ocr_line' id='line_1_3' title="bbox 140 408 1070 493; baseline 0.003 -23"><span class='ocrx_word' id='word_1_9' title='bbox 140 409 352 490; x_wconf 82' lang='lat' dir='ltr'><strong>Antwerpnm</strong></span> <span class='ocrx_word' id='word_1_10' title='bbox 373 410 527 491; x_wconf 86' lang='lat' dir='ltr'><strong>properat</strong></span> <span class='ocrx_word' id='word_1_11' title='bbox 547 411 737 490; x_wconf 88' lang='lat' dir='ltr'><strong>portumque</strong></span> <span class='ocrx_word' id='word_1_12' title='bbox 758 408 934 491; x_wconf 84' lang='lat' dir='ltr'><strong>peronibus</strong></span> <span class='ocrx_word' id='word_1_13' title='bbox 955 409 1070 493; x_wconf 88' lang='lat' dir='ltr'><strong>intrat,</strong></span> 
     </span>
     <span class='ocr_line' id='line_1_4' title="bbox 140 490 950 577; baseline 0.002 -22"><span class='ocrx_word' id='word_1_14' title='bbox 140 490 190 555; x_wconf 81' lang='lat' dir='ltr'><strong>Ex</strong></span> <span class='ocrx_word' id='word_1_15' title='bbox 214 494 300 556; x_wconf 86' lang='lat' dir='ltr'><strong>ectat</strong></span> <span class='ocrx_word' id='word_1_16' title='bbox 321 491 419 557; x_wconf 90' lang='lat' dir='ltr'>biduo</span> <span class='ocrx_word' id='word_1_17' title='bbox 442 513 498 576; x_wconf 86' lang='lat' dir='ltr'><strong>spe</strong></span> <span class='ocrx_word' id='word_1_18' title='bbox 520 490 676 576; x_wconf 91' lang='lat' dir='ltr'><strong>pendulus</strong></span> <span class='ocrx_word' id='word_1_19' title='bbox 699 492 828 577; x_wconf 79' lang='lat' dir='ltr'><strong>agmine</strong></span> <span class='ocrx_word' id='word_1_20' title='bbox 849 492 950 558; x_wconf 87' lang='lat' dir='ltr'><strong>laeto·</strong></span> 
     </span>
    </p>

    <p class='ocr_par' dir='ltr' id='par_1_3' title="bbox 88 514 1103 746">
     <span class='ocr_line' id='line_1_5' title="bbox 88 514 1013 661; baseline 0.006 -25"><span class='ocrx_word' id='word_1_21' title='bbox 88 597 127 639; x_wconf 81' lang='lat' dir='ltr'><strong>rro</strong></span> <span class='ocrx_word' id='word_1_22' title='bbox 141 514 212 642; x_wconf 70' lang='lat' dir='ltr'><strong>seri</strong></span> <span class='ocrx_word' id='word_1_23' title='bbox 225 597 296 641; x_wconf 92' lang='lat' dir='ltr'><strong>cum</strong></span> <span class='ocrx_word' id='word_1_24' title='bbox 318 575 402 641; x_wconf 87' lang='lat' dir='ltr'><strong>forte</strong></span> <span class='ocrx_word' id='word_1_25' title='bbox 424 596 530 642; x_wconf 89' lang='lat' dir='ltr'><strong>moras</strong></span> <span class='ocrx_word' id='word_1_26' title='bbox 552 576 587 640; x_wconf 93' lang='lat' dir='ltr'><strong>in</strong></span> <span class='ocrx_word' id='word_1_27' title='bbox 610 575 714 641; x_wconf 86' lang='lat' dir='ltr'><strong>eundo</strong></span> <span class='ocrx_word' id='word_1_28' title='bbox 737 580 880 642; x_wconf 80' lang='lat' dir='ltr'><strong>necteret</strong></span> <span class='ocrx_word' id='word_1_29' title='bbox 902 542 1013 661; x_wconf 80' lang='lat' dir='ltr'><strong>abires,</strong></span> 
     </span>
     <span class='ocr_line' id='line_1_6' title="bbox 139 660 1103 746; baseline -0.002 -21"><span class='ocrx_word' id='word_1_30' title='bbox 139 660 320 745; x_wconf 87' lang='lat' dir='ltr'><strong>Desperans</strong></span> <span class='ocrx_word' id='word_1_31' title='bbox 343 660 455 743; x_wconf 88' lang='lat' dir='ltr'><strong>doluit,</strong></span> <span class='ocrx_word' id='word_1_32' title='bbox 478 661 580 725; x_wconf 89' lang='lat' dir='ltr'><strong>tristis</strong></span> <span class='ocrx_word' id='word_1_33' title='bbox 602 682 700 725; x_wconf 86' lang='lat' dir='ltr'><strong>naves</strong></span> <span class='ocrx_word' id='word_1_34' title='bbox 717 660 879 746; x_wconf 83' lang='lat' dir='ltr'><strong>repetivit,</strong></span> <span class='ocrx_word' id='word_1_35' title='bbox 1023 668 1103 728; x_wconf 66' lang='grc'>5.·95*</span> 
     </span>
    </p>

    <p class='ocr_par' dir='ltr' id='par_1_4' title="bbox 61 743 954 1012">
     <span class='ocr_line' id='line_1_7' title="bbox 61 743 833 828; baseline -0.001 -17"><span class='ocrx_word' id='word_1_36' title='bbox 61 756 65 763; x_wconf 89' lang='grc'>’</span> <span class='ocrx_word' id='word_1_37' title='bbox 139 745 277 811; x_wconf 86' lang='lat' dir='ltr'><strong>Venturi</strong></span> <span class='ocrx_word' id='word_1_38' title='bbox 298 743 370 809; x_wconf 88' lang='lat' dir='ltr'><strong>fidis</strong></span> <span class='ocrx_word' id='word_1_39' title='bbox 393 765 504 809; x_wconf 88' lang='lat' dir='ltr'><strong>curam</strong></span> <span class='ocrx_word' id='word_1_40' title='bbox 525 745 686 810; x_wconf 86' lang='lat' dir='ltr'><strong>commisit</strong></span> <span class='ocrx_word' id='word_1_41' title='bbox 707 745 833 828; x_wconf 80' lang='lat' dir='ltr'><strong>amicis3</strong></span> 
     </span>
     <span class='ocr_line' id='line_1_8' title="bbox 139 829 942 914; baseline -0.001 -20"><span class='ocrx_word' id='word_1_42' title='bbox 139 829 285 913; x_wconf 81' lang='lat' dir='ltr'><strong>Cumque</strong></span> <span class='ocrx_word' id='word_1_43' title='bbox 305 830 488 914; x_wconf 85' lang='lat' dir='ltr'><strong>reliquisset</strong></span> <span class='ocrx_word' id='word_1_44' title='bbox 509 830 596 909; x_wconf 87' lang='lat' dir='ltr'><strong>litus,</strong></span> <span class='ocrx_word' id='word_1_45' title='bbox 619 829 755 894; x_wconf 88' lang='lat' dir='ltr'><strong>festinus</strong></span> <span class='ocrx_word' id='word_1_46' title='bbox 777 830 907 912; x_wconf 90' lang='lat' dir='ltr'><strong>abisset,</strong></span> <span class='ocrx_word' id='word_1_47' title='bbox 939 858 942 862; x_wconf 51' lang='lat'><strong><em>⁴</em></strong></span> 
     </span>
     <span class='ocr_line' id='line_1_9' title="bbox 139 913 954 1012; baseline -0.002 -33"><span class='ocrx_word' id='word_1_48' title='bbox 139 913 342 979; x_wconf 91' lang='lat' dir='ltr'><strong>Omnimodis</strong></span> <span class='ocrx_word' id='word_1_49' title='bbox 364 915 449 979; x_wconf 87' lang='lat' dir='ltr'><strong>votis</strong></span> <span class='ocrx_word' id='word_1_50' title='bbox 472 915 518 980; x_wconf 90' lang='lat' dir='ltr'><strong>sic</strong></span> <span class='ocrx_word' id='word_1_51' title='bbox 539 913 681 1012; x_wconf 91' lang='lat' dir='ltr'><strong>prodidit</strong></span> <span class='ocrx_word' id='word_1_52' title='bbox 703 913 813 978; x_wconf 86' lang='lat' dir='ltr'><strong>abdita</strong></span> <span class='ocrx_word' id='word_1_53' title='bbox 834 914 954 992; x_wconf 90' lang='lat' dir='ltr'><strong>cordis;</strong></span> 
     </span>
    </p>

    <p class='ocr_par' dir='ltr' id='par_1_5' title="bbox 86 998 1027 1085">
     <span class='ocr_line' id='line_1_10' title="bbox 86 998 1027 1085; baseline 0.007 -27"><span class='ocrx_word' id='word_1_54' title='bbox 86 1018 124 1059; x_wconf 80' lang='grc'><strong>505</strong></span> <span class='ocrx_word' id='word_1_55' title='bbox 138 999 178 1064; x_wconf 69' lang='lat'><strong>‘0</strong></span> <span class='ocrx_word' id='word_1_56' title='bbox 201 998 396 1083; x_wconf 88' lang='lat' dir='ltr'><strong>erbrorde,</strong></span> <span class='ocrx_word' id='word_1_57' title='bbox 418 1002 492 1064; x_wconf 87' lang='lat' dir='ltr'><strong>tuae</strong></span> <span class='ocrx_word' id='word_1_58' title='bbox 514 1021 570 1082; x_wconf 86' lang='lat' dir='ltr'><strong>pra</strong></span> <span class='ocrx_word' id='word_1_59' title='bbox 591 998 715 1064; x_wconf 83' lang='lat' dir='ltr'><strong>viscera</strong></span> <span class='ocrx_word' id='word_1_60' title='bbox 734 999 840 1083; x_wconf 88' lang='lat' dir='ltr'><strong>pande</strong></span> <span class='ocrx_word' id='word_1_61' title='bbox 863 1001 1027 1085; x_wconf 68' lang='lat' dir='ltr'><strong>caterina!</strong></span> 
     </span>
    </p>

    <p class='ocr_par' dir='ltr' id='par_1_6' title="bbox 137 1083 863 1168">
     <span class='ocr_line' id='line_1_11' title="bbox 137 1083 863 1168; baseline -0.004 -18"><span class='ocrx_word' id='word_1_62' title='bbox 137 1084 172 1150; x_wconf 82' lang='lat' dir='ltr'><strong>Si</strong></span> <span class='ocrx_word' id='word_1_63' title='bbox 194 1083 337 1168; x_wconf 86' lang='lat' dir='ltr'><strong>dignaris</strong></span> <span class='ocrx_word' id='word_1_64' title='bbox 360 1105 434 1149; x_wconf 83' lang='lat' dir='ltr'><strong>oves</strong></span> <span class='ocrx_word' id='word_1_65' title='bbox 456 1085 594 1148; x_wconf 82' lang='lat' dir='ltr'><strong>invisere</strong></span> <span class='ocrx_word' id='word_1_66' title='bbox 618 1105 678 1148; x_wconf 93' lang='lat' dir='ltr'><strong>nos</strong></span> <span class='ocrx_word' id='word_1_67' title='bbox 700 1083 863 1167; x_wconf 82' lang='lat' dir='ltr'><strong>speciales,</strong></span> 
     </span>
    </p>

    <p class='ocr_par' dir='ltr' id='par_1_7' title="bbox 135 1167 1029 1336">
     <span class='ocr_line' id='line_1_12' title="bbox 135 1167 1029 1252; baseline -0.001 -19"><span class='ocrx_word' id='word_1_68' title='bbox 135 1168 240 1233; x_wconf 90' lang='lat' dir='ltr'><strong>Nobis</strong></span> <span class='ocrx_word' id='word_1_69' title='bbox 262 1168 416 1233; x_wconf 88' lang='lat' dir='ltr'><strong>indicium</strong></span> <span class='ocrx_word' id='word_1_70' title='bbox 438 1169 478 1233; x_wconf 87' lang='lat' dir='ltr'><strong>da</strong></span> <span class='ocrx_word' id='word_1_71' title='bbox 499 1189 564 1232; x_wconf 92' lang='lat' dir='ltr'><strong>non</strong></span> <span class='ocrx_word' id='word_1_72' title='bbox 588 1189 763 1252; x_wconf 85' lang='lat' dir='ltr'><strong>creperum,</strong></span> <span class='ocrx_word' id='word_1_73' title='bbox 787 1167 843 1232; x_wconf 88' lang='lat' dir='ltr'><strong>sed</strong></span> <span class='ocrx_word' id='word_1_74' title='bbox 864 1170 1029 1251; x_wconf 87' lang='lat' dir='ltr'><strong>apertum:</strong></span> 
     </span>
     <span class='ocr_line' id='line_1_13' title="bbox 135 1251 1005 1336; baseline 0 -20"><span class='ocrx_word' id='word_1_75' title='bbox 135 1251 276 1316; x_wconf 91' lang='lat' dir='ltr'><strong>Imbrem</strong></span> <span class='ocrx_word' id='word_1_76' title='bbox 297 1251 490 1336; x_wconf 87' lang='lat' dir='ltr'><strong>frugiferum</strong></span> <span class='ocrx_word' id='word_1_77' title='bbox 512 1252 561 1317; x_wconf 86' lang='lat' dir='ltr'><strong>fer</strong></span> <span class='ocrx_word' id='word_1_78' title='bbox 582 1253 703 1317; x_wconf 89' lang='lat' dir='ltr'><strong>nostris</strong></span> <span class='ocrx_word' id='word_1_79' title='bbox 724 1252 835 1318; x_wconf 91' lang='lat' dir='ltr'><strong>usibus</strong></span> <span class='ocrx_word' id='word_1_80' title='bbox 857 1254 1005 1336; x_wconf 84' lang='lat' dir='ltr'><strong>aptnml’</strong></span> 
     </span>
    </p>

    <p class='ocr_par' dir='ltr' id='par_1_8' title="bbox 135 1335 1015 1422">
     <span class='ocr_line' id='line_1_14' title="bbox 135 1335 1015 1422; baseline 0.002 -23"><span class='ocrx_word' id='word_1_81' title='bbox 135 1335 213 1400; x_wconf 89' lang='lat' dir='ltr'><strong>Infit</strong></span> <span class='ocrx_word' id='word_1_82' title='bbox 235 1339 267 1399; x_wconf 87' lang='lat' dir='ltr'><strong>et</strong></span> <span class='ocrx_word' id='word_1_83' title='bbox 288 1337 429 1400; x_wconf 91' lang='lat' dir='ltr'><strong>intonuit</strong></span> <span class='ocrx_word' id='word_1_84' title='bbox 449 1336 584 1415; x_wconf 86' lang='lat' dir='ltr'><strong>laevum,</strong></span> <span class='ocrx_word' id='word_1_85' title='bbox 608 1337 719 1422; x_wconf 87' lang='lat' dir='ltr'><strong>fragor</strong></span> <span class='ocrx_word' id='word_1_86' title='bbox 740 1358 880 1421; x_wconf 86' lang='lat' dir='ltr'><strong>aequora</strong></span> <span class='ocrx_word' id='word_1_87' title='bbox 903 1337 1015 1421; x_wconf 87' lang='lat' dir='ltr'><strong>movit,</strong></span> 
     </span>
    </p>

    <p class='ocr_par' dir='ltr' id='par_1_9' title="bbox 84 1420 1117 1844">
     <span class='ocr_line' id='line_1_15' title="bbox 84 1420 992 1506; baseline 0.007 -25"><span class='ocrx_word' id='word_1_88' title='bbox 84 1440 123 1481; x_wconf 80' lang='lat' dir='ltr'><strong>reo</strong></span> <span class='ocrx_word' id='word_1_89' title='bbox 137 1420 344 1504; x_wconf 79' lang='lat' dir='ltr'><strong>Compressas</strong></span> <span class='ocrx_word' id='word_1_90' title='bbox 365 1421 468 1485; x_wconf 89' lang='lat' dir='ltr'><strong>nubes</strong></span> <span class='ocrx_word' id='word_1_91' title='bbox 490 1421 596 1506; x_wconf 87' lang='lat' dir='ltr'><strong>largos</strong></span> <span class='ocrx_word' id='word_1_92' title='bbox 619 1420 795 1486; x_wconf 87' lang='lat' dir='ltr'><strong>densantur</strong></span> <span class='ocrx_word' id='word_1_93' title='bbox 815 1421 850 1485; x_wconf 93' lang='lat' dir='ltr'><strong>in</strong></span> <span class='ocrx_word' id='word_1_94' title='bbox 872 1421 992 1487; x_wconf 85' lang='lat' dir='ltr'><strong>imbres</strong></span> 
     </span>
     <span class='ocr_line' id='line_1_16' title="bbox 136 1505 995 1603; baseline 0.003 -33"><span class='ocrx_word' id='word_1_95' title='bbox 136 1505 362 1589; x_wconf 81' lang='lat' dir='ltr'><strong>Spissataeque</strong></span> <span class='ocrx_word' id='word_1_96' title='bbox 384 1505 499 1603; x_wconf 69' lang='lat' dir='ltr'><strong>linunt,</strong></span> <span class='ocrx_word' id='word_1_97' title='bbox 522 1505 684 1590; x_wconf 79' lang='lat' dir='ltr'><strong>extinguit</strong></span> <span class='ocrx_word' id='word_1_98' title='bbox 704 1505 995 1602; x_wconf 74' lang='lat' dir='ltr'><strong>fulguranimbus.</strong></span> 
     </span>
     <span class='ocr_line' id='line_1_17' title="bbox 134 1589 1036 1772; baseline 0 -32"><span class='ocrx_word' id='word_1_99' title='bbox 134 1589 920 1772; x_wconf 56' lang='lat' dir='ltr'><strong>‹Stttttttftttlttftttftttttu</strong></span> <span class='ocrx_word' id='word_1_100' title='bbox 934 1675 969 1739; x_wconf 71' lang='lat' dir='ltr'><strong>a</strong></span> <span class='ocrx_word' id='word_1_101' title='bbox 991 1677 1036 1758; x_wconf 75' lang='lat' dir='ltr'><strong>a,</strong></span> 
     </span>
     <span class='ocr_line' id='line_1_18' title="bbox 134 1759 1117 1844; baseline -0.003 -18"><span class='ocrx_word' id='word_1_102' title='bbox 134 1759 310 1840; x_wconf 77' lang='lat' dir='ltr'><strong>Credimus,</strong></span> <span class='ocrx_word' id='word_1_103' title='bbox 334 1781 418 1844; x_wconf 88' lang='lat' dir='ltr'><strong>ecce,</strong></span> <span class='ocrx_word' id='word_1_104' title='bbox 441 1759 542 1843; x_wconf 89' lang='lat' dir='ltr'><strong>venis,</strong></span> <span class='ocrx_word' id='word_1_105' title='bbox 565 1759 996 1827; x_wconf 86' lang='lat' dir='ltr'><strong>t1bilitorafidasub1bis.&#39;</strong></span> <span class='ocrx_word' id='word_1_106' title='bbox 1112 1777 1117 1784; x_wconf 87' lang='lat'><em>·</em></span> 
     </span>
    </p>

    <p class='ocr_par' dir='ltr' id='par_1_10' title="bbox 82 1843 1067 2266">
     <span class='ocr_line' id='line_1_19' title="bbox 82 1843 1029 1928; baseline 0.008 -27"><span class='ocrx_word' id='word_1_107' title='bbox 82 1861 119 1902; x_wconf 82' lang='grc'><strong>555</strong></span> <span class='ocrx_word' id='word_1_108' title='bbox 132 1843 239 1908; x_wconf 81' lang='lat' dir='ltr'><strong>Imbro</strong></span> <span class='ocrx_word' id='word_1_109' title='bbox 262 1844 370 1909; x_wconf 90' lang='lat' dir='ltr'><strong>madet</strong></span> <span class='ocrx_word' id='word_1_110' title='bbox 392 1845 512 1924; x_wconf 88' lang='lat' dir='ltr'><strong>classis,</strong></span> <span class='ocrx_word' id='word_1_111' title='bbox 534 1847 663 1928; x_wconf 90' lang='lat' dir='ltr'><strong>portum</strong></span> <span class='ocrx_word' id='word_1_112' title='bbox 685 1843 772 1908; x_wconf 92' lang='lat' dir='ltr'><strong>subit</strong></span> <span class='ocrx_word' id='word_1_113' title='bbox 793 1844 925 1908; x_wconf 87' lang='lat' dir='ltr'><strong>artubus</strong></span> <span class='ocrx_word' id='word_1_114' title='bbox 947 1843 1029 1909; x_wconf 90' lang='lat' dir='ltr'><strong>udis.</strong></span> 
     </span>
     <span class='ocr_line' id='line_1_20' title="bbox 133 1927 1037 2013; baseline 0.003 -22"><span class='ocrx_word' id='word_1_115' title='bbox 133 1927 197 1991; x_wconf 85' lang='lat' dir='ltr'><strong>Vix</strong></span> <span class='ocrx_word' id='word_1_116' title='bbox 220 1949 253 1992; x_wconf 88' lang='lat' dir='ltr'><strong>se</strong></span> <span class='ocrx_word' id='word_1_117' title='bbox 276 1929 409 2011; x_wconf 90' lang='lat' dir='ltr'><strong>quisque</strong></span> <span class='ocrx_word' id='word_1_118' title='bbox 433 1928 518 1992; x_wconf 91' lang='lat' dir='ltr'><strong>domi</strong></span> <span class='ocrx_word' id='word_1_119' title='bbox 540 1929 650 2010; x_wconf 87' lang='lat' dir='ltr'><strong>siccat,</strong></span> <span class='ocrx_word' id='word_1_120' title='bbox 675 1928 731 1992; x_wconf 89' lang='lat' dir='ltr'><strong>dat</strong></span> <span class='ocrx_word' id='word_1_121' title='bbox 752 1928 896 1994; x_wconf 89' lang='lat' dir='ltr'><strong>mambra</strong></span> <span class='ocrx_word' id='word_1_122' title='bbox 917 1929 1037 2013; x_wconf 87' lang='lat' dir='ltr'><strong>sopori,</strong></span> 
     </span>
     <span class='ocr_line' id='line_1_21' title="bbox 132 2010 1067 2095; baseline 0.006 -21"><span class='ocrx_word' id='word_1_123' title='bbox 132 2010 233 2075; x_wconf 88' lang='lat' dir='ltr'><strong>Venit</strong></span> <span class='ocrx_word' id='word_1_124' title='bbox 253 2012 287 2074; x_wconf 94' lang='lat' dir='ltr'><strong>in</strong></span> <span class='ocrx_word' id='word_1_125' title='bbox 311 2012 490 2095; x_wconf 89' lang='lat' dir='ltr'><strong>emporium</strong></span> <span class='ocrx_word' id='word_1_126' title='bbox 513 2011 673 2076; x_wconf 75' lang='lat' dir='ltr'><strong>mandrita</strong></span> <span class='ocrx_word' id='word_1_127' title='bbox 695 2012 820 2078; x_wconf 80' lang='lat' dir='ltr'><strong>&#39;Phifrid</strong></span> <span class='ocrx_word' id='word_1_128' title='bbox 842 2016 1067 2080; x_wconf 89' lang='lat' dir='ltr'><strong>memoratum.</strong></span> 
     </span>
     <span class='ocr_line' id='line_1_22' title="bbox 132 2092 1006 2181; baseline 0.003 -22"><span class='ocrx_word' id='word_1_129' title='bbox 132 2092 192 2160; x_wconf 78' lang='lat' dir='ltr'><strong>llst</strong></span> <span class='ocrx_word' id='word_1_130' title='bbox 212 2098 368 2160; x_wconf 87' lang='lat' dir='ltr'><strong>tractatus</strong></span> <span class='ocrx_word' id='word_1_131' title='bbox 390 2096 435 2161; x_wconf 92' lang='lat' dir='ltr'><strong>ibi</strong></span> <span class='ocrx_word' id='word_1_132' title='bbox 461 2096 548 2161; x_wconf 84' lang='lat' dir='ltr'><strong>velut</strong></span> <span class='ocrx_word' id='word_1_133' title='bbox 569 2097 703 2181; x_wconf 84' lang='lat' dir='ltr'><strong>angelus</strong></span> <span class='ocrx_word' id='word_1_134' title='bbox 725 2097 758 2161; x_wconf 93' lang='lat' dir='ltr'><strong>in</strong></span> <span class='ocrx_word' id='word_1_135' title='bbox 782 2097 851 2162; x_wconf 88' lang='lat' dir='ltr'><strong>vice</strong></span> <span class='ocrx_word' id='word_1_136' title='bbox 874 2095 1006 2181; x_wconf 85' lang='lat' dir='ltr'><strong>Christi,</strong></span> 
     </span>
     <span class='ocr_line' id='line_1_23' title="bbox 132 2179 839 2266; baseline 0.004 -22"><span class='ocrx_word' id='word_1_137' title='bbox 132 2179 318 2246; x_wconf 87' lang='lat' dir='ltr'><strong>Pacifioavit</strong></span> <span class='ocrx_word' id='word_1_138' title='bbox 339 2181 387 2246; x_wconf 90' lang='lat' dir='ltr'><strong>ibi</strong></span> <span class='ocrx_word' id='word_1_139' title='bbox 409 2181 573 2246; x_wconf 87' lang='lat' dir='ltr'><strong>discordes</strong></span> <span class='ocrx_word' id='word_1_140' title='bbox 595 2201 674 2266; x_wconf 89' lang='lat' dir='ltr'><strong>pace</strong></span> <span class='ocrx_word' id='word_1_141' title='bbox 696 2182 839 2265; x_wconf 87' lang='lat' dir='ltr'><strong>perenni.</strong></span> 
     </span>
    </p>

    <p class='ocr_par' dir='ltr' id='par_1_11' title="bbox 80 2264 985 2435">
     <span class='ocr_line' id='line_1_24' title="bbox 80 2264 985 2351; baseline 0.008 -27"><span class='ocrx_word' id='word_1_142' title='bbox 80 2284 118 2326; x_wconf 83' lang='lat' dir='ltr'><strong>aso</strong></span> <span class='ocrx_word' id='word_1_143' title='bbox 131 2264 192 2330; x_wconf 82' lang='lat' dir='ltr'><strong>Est</strong></span> <span class='ocrx_word' id='word_1_144' title='bbox 213 2265 289 2331; x_wconf 88' lang='lat' dir='ltr'><strong>hinc</strong></span> <span class='ocrx_word' id='word_1_145' title='bbox 311 2269 457 2351; x_wconf 90' lang='lat' dir='ltr'><strong>optatum</strong></span> <span class='ocrx_word' id='word_1_146' title='bbox 479 2270 681 2351; x_wconf 77' lang='lat' dir='ltr'><strong>transvectus</strong></span> <span class='ocrx_word' id='word_1_147' title='bbox 703 2267 825 2350; x_wconf 87' lang='lat' dir='ltr'><strong>remige</strong></span> <span class='ocrx_word' id='word_1_148' title='bbox 846 2268 985 2350; x_wconf 88' lang='lat' dir='ltr'><strong>portum,</strong></span> 
     </span>
     <span class='ocr_line' id='line_1_25' title="bbox 130 2350 885 2435; baseline 0.005 -22"><span class='ocrx_word' id='word_1_149' title='bbox 130 2350 308 2434; x_wconf 83' lang='lat' dir='ltr'><strong>Applicuit,</strong></span> <span class='ocrx_word' id='word_1_150' title='bbox 332 2351 451 2416; x_wconf 88' lang='lat' dir='ltr'><strong>multus</strong></span> <span class='ocrx_word' id='word_1_151' title='bbox 473 2351 511 2415; x_wconf 91' lang='lat' dir='ltr'><strong>fit</strong></span> <span class='ocrx_word' id='word_1_152' title='bbox 533 2374 590 2435; x_wconf 87' lang='lat' dir='ltr'><strong>per</strong></span> <span class='ocrx_word' id='word_1_153' title='bbox 612 2351 742 2415; x_wconf 84' lang='lat' dir='ltr'><strong>navalia</strong></span> <span class='ocrx_word' id='word_1_154' title='bbox 765 2373 885 2430; x_wconf 89' lang='lat' dir='ltr'><strong>cursus,</strong></span> 
     </span>
    </p>

    <p class='ocr_par' dir='ltr' id='par_1_12' title="bbox 128 2434 1038 2688">
     <span class='ocr_line' id='line_1_26' title="bbox 128 2434 849 2518; baseline 0.004 -21"><span class='ocrx_word' id='word_1_155' title='bbox 128 2434 240 2498; x_wconf 86' lang='lat' dir='ltr'><strong>Insula</strong></span> <span class='ocrx_word' id='word_1_156' title='bbox 262 2434 370 2499; x_wconf 88' lang='lat' dir='ltr'><strong>divino</strong></span> <span class='ocrx_word' id='word_1_157' title='bbox 392 2436 457 2499; x_wconf 91' lang='lat' dir='ltr'><strong>ruit</strong></span> <span class='ocrx_word' id='word_1_158' title='bbox 478 2436 575 2500; x_wconf 87' lang='lat' dir='ltr'><strong>obvia</strong></span> <span class='ocrx_word' id='word_1_159' title='bbox 595 2438 665 2501; x_wconf 93' lang='lat' dir='ltr'><strong>tota</strong></span> <span class='ocrx_word' id='word_1_160' title='bbox 689 2435 849 2518; x_wconf 87' lang='lat' dir='ltr'><strong>ministro,</strong></span> 
     </span>
     <span class='ocr_line' id='line_1_27' title="bbox 130 2517 1038 2601; baseline 0.003 -19"><span class='ocrx_word' id='word_1_161' title='bbox 130 2517 268 2582; x_wconf 89' lang='lat' dir='ltr'><strong>Chroma</strong></span> <span class='ocrx_word' id='word_1_162' title='bbox 291 2519 408 2582; x_wconf 89' lang='lat' dir='ltr'><strong>decens</strong></span> <span class='ocrx_word' id='word_1_163' title='bbox 431 2519 556 2597; x_wconf 88' lang='lat' dir='ltr'><strong>cecinit,</strong></span> <span class='ocrx_word' id='word_1_164' title='bbox 580 2540 639 2583; x_wconf 84' lang='lat' dir='ltr'><strong>sua</strong></span> <span class='ocrx_word' id='word_1_165' title='bbox 660 2520 706 2583; x_wconf 90' lang='lat' dir='ltr'><strong>sic</strong></span> <span class='ocrx_word' id='word_1_166' title='bbox 728 2520 762 2584; x_wconf 94' lang='lat' dir='ltr'><strong>in</strong></span> <span class='ocrx_word' id='word_1_167' title='bbox 785 2519 913 2584; x_wconf 88' lang='lat' dir='ltr'><strong>moenia</strong></span> <span class='ocrx_word' id='word_1_168' title='bbox 935 2520 1038 2601; x_wconf 86' lang='lat' dir='ltr'><strong>duxit,</strong></span> 
     </span>
     <span class='ocr_line' id='line_1_28' title="bbox 128 2600 815 2688; baseline 0.006 -23"><span class='ocrx_word' id='word_1_169' title='bbox 128 2600 310 2666; x_wconf 84' lang='lat' dir='ltr'><strong>Deservivit</strong></span> <span class='ocrx_word' id='word_1_170' title='bbox 332 2603 361 2666; x_wconf 88' lang='lat' dir='ltr'><strong>ei</strong></span> <span class='ocrx_word' id='word_1_171' title='bbox 383 2601 602 2667; x_wconf 82' lang='lat' dir='ltr'><strong>Romanorum</strong></span> <span class='ocrx_word' id='word_1_172' title='bbox 624 2604 714 2686; x_wconf 89' lang='lat' dir='ltr'><strong>quasi</strong></span> <span class='ocrx_word' id='word_1_173' title='bbox 736 2605 815 2688; x_wconf 87' lang='lat' dir='ltr'><strong>regi.</strong></span> 
     </span>
    </p>

    <p class='ocr_par' dir='ltr' id='par_1_13' title="bbox 76 2684 994 3026">
     <span class='ocr_line' id='line_1_29' title="bbox 76 2684 957 2770; baseline 0.006 -23"><span class='ocrx_word' id='word_1_174' title='bbox 76 2705 114 2746; x_wconf 85' lang='grc'><strong>505</strong></span> <span class='ocrx_word' id='word_1_175' title='bbox 128 2684 273 2770; x_wconf 90' lang='lat' dir='ltr'><strong>Cumque</strong></span> <span class='ocrx_word' id='word_1_176' title='bbox 295 2686 387 2751; x_wconf 90' lang='lat' dir='ltr'><strong>iubar</strong></span> <span class='ocrx_word' id='word_1_177' title='bbox 409 2686 486 2751; x_wconf 83' lang='lat' dir='ltr'><strong>solis</strong></span> <span class='ocrx_word' id='word_1_178' title='bbox 508 2691 687 2752; x_wconf 85' lang='lat' dir='ltr'><strong>removeret</strong></span> <span class='ocrx_word' id='word_1_179' title='bbox 707 2689 818 2754; x_wconf 87' lang='lat' dir='ltr'><strong>nubila</strong></span> <span class='ocrx_word' id='word_1_180' title='bbox 840 2688 957 2764; x_wconf 88' lang='lat' dir='ltr'><strong>noctis,</strong></span> 
     </span>
     <span class='ocr_line' id='line_1_30' title="bbox 127 2769 981 2857; baseline 0.005 -23"><span class='ocrx_word' id='word_1_181' title='bbox 127 2769 288 2836; x_wconf 87' lang='lat' dir='ltr'><strong>Primores</strong></span> <span class='ocrx_word' id='word_1_182' title='bbox 310 2772 434 2856; x_wconf 86' lang='lat' dir='ltr'><strong>patriae</strong></span> <span class='ocrx_word' id='word_1_183' title='bbox 456 2776 632 2856; x_wconf 88' lang='lat' dir='ltr'><strong>properant</strong></span> <span class='ocrx_word' id='word_1_184' title='bbox 652 2774 771 2857; x_wconf 91' lang='lat' dir='ltr'><strong>populo</strong></span> <span class='ocrx_word' id='word_1_185' title='bbox 794 2773 981 2856; x_wconf 86' lang='lat' dir='ltr'><strong>comitante,</strong></span> 
     </span>
     <span class='ocr_line' id='line_1_31' title="bbox 125 2858 916 2942; baseline 0.001 -22"><span class='ocrx_word' id='word_1_186' title='bbox 125 2859 246 2921; x_wconf 86' lang='lat' dir='ltr'><strong>Astant</strong></span> <span class='ocrx_word' id='word_1_187' title='bbox 266 2858 434 2922; x_wconf 87' lang='lat' dir='ltr'><strong>barbarico</strong></span> <span class='ocrx_word' id='word_1_188' title='bbox 455 2861 638 2922; x_wconf 84' lang='lat' dir='ltr'><strong>reverenter</strong></span> <span class='ocrx_word' id='word_1_189' title='bbox 660 2878 748 2923; x_wconf 89' lang='lat' dir='ltr'><strong>more</strong></span> <span class='ocrx_word' id='word_1_190' title='bbox 770 2878 916 2942; x_wconf 87' lang='lat' dir='ltr'><strong>represso</strong></span> 
     </span>
     <span class='ocr_line' id='line_1_32' title="bbox 126 2940 994 3026; baseline 0 -22"><span class='ocrx_word' id='word_1_191' title='bbox 126 2940 367 3026; x_wconf 90' lang='lat' dir='ltr'><strong>Instituuntque</strong></span> <span class='ocrx_word' id='word_1_192' title='bbox 391 2945 510 3007; x_wconf 88' lang='lat' dir='ltr'><strong>statum</strong></span> <span class='ocrx_word' id='word_1_193' title='bbox 531 2963 637 3007; x_wconf 89' lang='lat' dir='ltr'><strong>rerum</strong></span> <span class='ocrx_word' id='word_1_194' title='bbox 660 2963 809 3026; x_wconf 87' lang='lat' dir='ltr'><strong>reparare</strong></span> <span class='ocrx_word' id='word_1_195' title='bbox 830 2962 994 3008; x_wconf 84' lang='lat' dir='ltr'><strong>novarum.</strong></span> 
     </span>
    </p>

    <p class='ocr_par' dir='ltr' id='par_1_14' title="bbox 73 3023 1097 3196">
     <span class='ocr_line' id='line_1_33' title="bbox 125 3023 1097 3112; baseline 0.002 -24"><span class='ocrx_word' id='word_1_196' title='bbox 125 3023 186 3089; x_wconf 84' lang='lat' dir='ltr'><strong>Sed</strong></span> <span class='ocrx_word' id='word_1_197' title='bbox 203 3047 261 3089; x_wconf 88' lang='lat' dir='ltr'><strong>cen</strong></span> <span class='ocrx_word' id='word_1_198' title='bbox 276 3047 355 3109; x_wconf 93' lang='lat' dir='ltr'><strong>quos</strong></span> <span class='ocrx_word' id='word_1_199' title='bbox 373 3027 492 3091; x_wconf 91' lang='lat' dir='ltr'><strong>bellum</strong></span> <span class='ocrx_word' id='word_1_200' title='bbox 507 3026 621 3091; x_wconf 83' lang='lat' dir='ltr'><strong>navale</strong></span> <span class='ocrx_word' id='word_1_201' title='bbox 636 3031 812 3112; x_wconf 87' lang='lat' dir='ltr'><strong>perurguet</strong></span> <span class='ocrx_word' id='word_1_202' title='bbox 827 3025 998 3112; x_wconf 86' lang='lat' dir='ltr'><strong>agendum,</strong></span> <span class='ocrx_word' id='word_1_203' title='bbox 1019 3035 1097 3092; x_wconf 62' lang='lat' dir='ltr'><strong>tear</strong></span> 
     </span>
     <span class='ocr_line' id='line_1_34' title="bbox 73 3109 1094 3196; baseline 0.009 -27"><span class='ocrx_word' id='word_1_204' title='bbox 73 3129 111 3169; x_wconf 82' lang='lat' dir='ltr'><strong>uo</strong></span> <span class='ocrx_word' id='word_1_205' title='bbox 125 3109 190 3175; x_wconf 92' lang='lat' dir='ltr'><strong>Per</strong></span> <span class='ocrx_word' id='word_1_206' title='bbox 212 3131 299 3174; x_wconf 86' lang='lat' dir='ltr'><strong>mare</strong></span> <span class='ocrx_word' id='word_1_207' title='bbox 321 3111 531 3195; x_wconf 88' lang='lat' dir='ltr'><strong>tranquillum</strong></span> <span class='ocrx_word' id='word_1_208' title='bbox 554 3133 682 3196; x_wconf 87' lang='lat' dir='ltr'><strong>pugnae</strong></span> <span class='ocrx_word' id='word_1_209' title='bbox 697 3112 852 3177; x_wconf 88' lang='lat' dir='ltr'><strong>simulant</strong></span> <span class='ocrx_word' id='word_1_210' title='bbox 866 3109 961 3196; x_wconf 87' lang='lat' dir='ltr'><strong>quasi</strong></span> <span class='ocrx_word' id='word_1_211' title='bbox 972 3111 1094 3193; x_wconf 89' lang='lat' dir='ltr'><strong>ludum,</strong></span> 
     </span>
    </p>
   </div>
   <div class='ocr_carea' id='block_1_3' title="bbox 117 3327 1094 3518">
    <p class='ocr_par' dir='ltr' id='par_1_15' title="bbox 117 3327 1094 3518">
     <span class='ocr_line' id='line_1_35' title="bbox 192 3327 1094 3399; baseline 0.006 -18"><span class='ocrx_word' id='word_1_212' title='bbox 192 3333 242 3382; x_wconf 80' lang='lat'><strong>239</strong></span> <span class='ocrx_word' id='word_1_213' title='bbox 260 3328 318 3382; x_wconf 88' lang='lat' dir='ltr'><strong>leto</strong></span> <span class='ocrx_word' id='word_1_214' title='bbox 338 3327 364 3381; x_wconf 84' lang='lat' dir='ltr'><em>T</em></span> <span class='ocrx_word' id='word_1_215' title='bbox 430 3335 480 3384; x_wconf 75' lang='lat'><strong>249</strong></span> <span class='ocrx_word' id='word_1_216' title='bbox 497 3331 591 3385; x_wconf 87' lang='lat' dir='ltr'><strong>levum</strong></span> <span class='ocrx_word' id='word_1_217' title='bbox 610 3361 642 3370; x_wconf 96' lang='lat'><strong>—</strong></span> <span class='ocrx_word' id='word_1_218' title='bbox 661 3330 811 3399; x_wconf 66' lang='lat' dir='ltr'><strong>equorei*</strong></span> <span class='ocrx_word' id='word_1_219' title='bbox 881 3330 1049 3385; x_wconf 73' lang='grc'>5541555050</span> <span class='ocrx_word' id='word_1_220' title='bbox 1067 3330 1094 3386; x_wconf 73' lang='grc' dir='ltr'><em>θ</em></span> 
     </span>
     <span class='ocr_line' id='line_1_36' title="bbox 117 3395 1094 3518; baseline 0.006 -70"><span class='ocrx_word' id='word_1_221' title='bbox 117 3401 173 3517; x_wconf 68' lang='lat' dir='ltr'><strong>iii</strong></span> <span class='ocrx_word' id='word_1_222' title='bbox 189 3395 371 3518; x_wconf 44' lang='lat' dir='ltr'><strong>ZrtlipppiaTT</strong></span> <span class='ocrx_word' id='word_1_223' title='bbox 416 3402 465 3451; x_wconf 77' lang='lat'><strong>256</strong></span> <span class='ocrx_word' id='word_1_224' title='bbox 484 3397 577 3467; x_wconf 85' lang='lat' dir='ltr'><strong>sapori</strong></span> <span class='ocrx_word' id='word_1_225' title='bbox 597 3397 656 3453; x_wconf 77' lang='lat' dir='ltr'><strong>CT</strong></span> <span class='ocrx_word' id='word_1_226' title='bbox 727 3397 983 3454; x_wconf 71' lang='lat' dir='ltr'><strong>2630r0ma01&#39;</strong></span> <span class='ocrx_word' id='word_1_227' title='bbox 1015 3415 1094 3454; x_wconf 89' lang='lat' dir='ltr'><strong>mae·</strong></span> 
     </span>
    </p>
   </div>
   <div class='ocr_carea' id='block_1_4' title="bbox 0 0 1190 3810">
    <p class='ocr_par' dir='ltr' id='par_1_16' title="bbox 0 0 1190 3810">
     <span class='ocr_line' id='line_1_37' title="bbox 0 0 1190 3810; baseline 0 6"><span class='ocrx_word' id='word_1_228' title='bbox 0 0 1190 3810; x_wconf 95' lang='lat' dir='ltr'><strong> </strong></span> 
     </span>
    </p>
   </div>
  </div>
 </body>
</html>
