2370 3810
149 166 154 175 “
245 158 334 215 VI'IA
351 158 602 216 WILLIBRORDI
618 158 792 217 Matalon
827 160 895 217 LIB.
912 160 946 220 Π.
1039 161 1081 228 39

114 312 208 380 Visio
231 316 425 397 symmystae
447 333 514 377 non
537 313 643 377 verior
664 317 714 377 est
734 313 855 396 Isaiae,

57 415 101 460 cao
116 397 289 464 Stemmate
305 398 423 482 quippe
439 397 555 462 ducum
569 398 699 481 genitus
715 398 796 478 dux,
819 398 940 462 assecla
955 418 1079 482 regum,

115 481 232 548 Edicto
254 504 357 566 papae
378 503 434 547 rex
457 485 506 546 est
527 486 643 547 unctus
666 481 848 547 Zachariae.

115 566 274 653 Progenie
295 570 387 632 tanta
409 567 543 652 dignum
565 567 687 653 primus
710 566 871 649 diadema,

115 649 270 737 Regulem
288 653 413 735 primus
435 652 579 716 trabeam
601 651 739 736 gestavit
760 651 907 734 adeptus,

113 735 184 802 Nec
206 736 300 821 regni
321 739 408 800 meta
429 737 601 800 contentus
622 735 744 820 prodiit
764 737 865 818 ultra,

55 819 212 885 acclines
235 819 391 902 extendit,
413 820 612 885 contermina
632 841 734 906 regna
755 821 899 905 subegit,

114 904 202 970 Hinc
224 904 456 989 Longobcrdos
479 905 691 989 compescuit,
713 906 790 969 hino
811 904 1009 987 Aquitanos,

111 988 217 1059 Duxit
237 989 426 1074 magnificos
448 989 554 1054 victor
575 989 695 1053 virtute
718 987 908 1071 triumphos.

113 1073 155 1138 In
176 1073 297 1139 mundo
319 1073 428 1138 nullus
450 1095 507 1138 rex
529 1073 606 1138 huic
627 1072 691 1137 fuit
713 1071 979 1156 aequiperandus.

113 1157 166 1223 Ex
187 1158 321 1228 hocest
343 1157 500 1243 Magnus,
523 1157 572 1222 sol
593 1162 715 1240 terrae,
738 1156 875 1221 Karolus
898 1159 999 1234 ortus,

56 1262 100 1304 coc
114 1240 188 1326 Sol,
213 1243 302 1309 cuius
323 1242 421 1307 radiis
443 1243 598 1306 lustratur
620 1241 764 1308 Gallicus
787 1241 887 1307 orbis:

112 1326 174 1392 nst
194 1331 292 1393 notus
313 1326 415 1411 fama,
438 1348 502 1410 qua
525 1327 649 1392 caelum
671 1327 809 1392 sustinet
830 1326 939 1409 Atlas,

113 1411 231 1496 Caspia
253 1433 316 1497 qua
339 1413 472 1497 longum
494 1410 656 1476 deducunt
678 1411 817 1477 claustra
838 1432 1013 1489 recessum,

111 1495 182 1562 Nec
203 1497 307 1582 magis
328 1499 476 1583 Augusto
498 1516 532 1561 se
554 1497 655 1562 iactat
676 1495 779 1561 Roma
801 1495 993 1580 monarcho,

112 1579 264 1665 Principe
286 1603 383 1666 quam
405 1584 498 1646 tanto
519 1581 646 1665 plaudit
667 1580 841 1645 Germania
862 1578 992 1664 Magno.
1113 1613 1115 1616 ·

56 1683 100 1726 ces
113 1662 289 1750 Imperium
312 1665 413 1730 Gallis
435 1664 599 1730 Romanae
621 1664 880 1744 subdidimus,
1003 1668 1023 1727 f.
1036 1675 1079 1724 79Γ

112 1749 235 1816 Christi
256 1751 426 1835 pontifices
447 1751 634 1815 sublimavit
655 1749 747 1832 quasi
769 1768 877 1832 reges,

111 1833 221 1901 Ditius
242 1834 293 1900 his
314 1835 398 1900 nihil
420 1839 483 1912 est,
506 1834 590 1899 nihil
613 1834 820 1898 excellentius
841 1831 892 1897 his
915 1836 974 1896 est.

113 1919 153 1983 ln
173 1919 296 1984 nullam
318 1924 465 2004 gentem,
487 1918 612 1984 nullam
633 1919 783 2003 prorupit
804 1918 840 1982 in
861 1916 974 1981 urbem

112 2001 217 2080 Quam
237 2025 305 2070 non
326 2008 521 2087 contereret,
550 2025 617 2069 non
645 2003 754 2088 ample
782 2007 915 2086 tropaea
936 1967 1079 2067 reierrct.

57 2107 100 2148 erc
112 2086 264 2173 Regnum
286 2087 438 2154 fundavit
459 2089 602 2173 genitor,
623 2089 754 2174 genitus
776 2087 955 2155 decorauit..

111 2170 184 2238 Hac
206 2172 302 2238 viridi
324 2173 436 2257 plenta
457 2175 617 2238 succrevit
637 2173 728 2257 regia
750 2172 845 2251 silva,

110 2255 357 2355 induperatores
380 2260 413 2323 et
434 2258 520 2322 evito
544 2259 688 2341 germine
710 2276 810 2340 reges.

111 2340 240 2407 Prodrit
259 2341 433 2407 Heinricus
455 2345 546 2406 tanto
569 2343 608 2406 de
630 2339 753 2404 semine
775 2341 922 2422 quartus,

114 2423 232 2492 Caesar
253 2428 287 2491 et
308 2428 491 2513 Augustus,
515 2446 578 2509 quo
601 2424 648 2490 ful
671 2426 704 2489 et
726 2422 829 2488 sidere
851 2422 1005 2505 mundus,

57 2530 101 2572 crs
113 2509 185 2576 Hoc
208 2511 299 2576 cuius
320 2532 408 2577 nono
432 2509 637 2596 quadrageno
650 2445 792 2574 lusimus
814 2529 909 2572 anno.

112 2594 199 2660 Nam
222 2617 280 2661 ceu
302 2595 424 2661 duecte
446 2598 551 2660 tractu
573 2595 611 2659 fit
632 2594 719 2660 linea
739 2596 875 2678 puncto,

111 2679 176 2745 Per
198 2681 378 2746 naturalem
401 2680 448 2745 sic
470 2679 600 2744 ductum
624 2682 759 2744 stemma
779 2683 925 2744 tenorem

111 2762 255 2829 Protulit
275 2765 437 2850 insignem
460 2765 562 2848 patris
584 2764 687 2848 ipsius
710 2763 921 2849 genetricem,

114 2846 224 2914 Gisela
245 2848 294 2914 cui
316 2869 450 2920 nomen,
475 2847 626 2914 Ouonrad
648 2868 743 2927 avua,
766 2845 975 2929 Allobrogum
997 2865 1063 2909 rex.
1167 2922 1170 2927 .

57 2931 233 3000 ceolllxitus
254 2932 308 2999 hic
328 2955 437 2998 rerum
458 2937 564 2997 vetem
585 2933 703 3017 probat
725 2930 817 2994 edere
839 2950 960 2994 verum.

153 3015 276 3086 XXIII.
308 3017 411 3083 Novit
431 3017 577 3082 divinum
593 3038 683 3083 mens
699 3015 768 3080 eius
781 3014 926 3098 praescia
940 3035 1079 3099 sensum,

109 3183 696 3332 suffil'ddlltu'tqlllittiuir
727 3182 966 3305 ctpsspcppffio
979 3188 1079 3306 luit}

145 3319 172 3375 '1'
229 3325 280 3375 667
298 3320 395 3375 Drcrus
409 3321 467 3378 GT
524 3325 575 3375 669
592 3318 787 3397 tropheaGZ
818 3323 891 3396 ,674
909 3336 922 3372 s
943 3317 1081 3373 dereG'I'

113 3392 165 3444 c‘lt
183 3404 235 3444 een
252 3389 279 3443 Τ
350 3394 399 3442 ott
418 3390 509 3443 stema
527 3388 586 3442 GT
657 3392 706 3443 678
724 3388 897 3456 genitricem
942 3385 968 3435 ‘I
1037 3389 1095 3431 aaa

110 3455 215 3525 Gysela
232 3455 291 3512 GT
355 3462 404 3513 681
422 3456 536 3528 prescia
553 3456 610 3514 GT
