2370 3810
151 151 195 216 16Ι
532 148 723 206 THIOFRIDI

149 301 209 368 Est
229 302 315 367 vitae
337 302 493 387 specular,
517 303 599 368 nulli
621 304 795 368 virtutibus
816 303 931 387 imper,
954 351 957 357 ·

97 406 136 447 nc
148 385 206 451 Nil
227 387 347 452 titubes
369 387 405 452 in
427 408 476 468 eo,
499 387 576 452 deus
598 392 647 452 est
669 392 702 454 et
722 392 838 473 regnet
858 388 894 453 in
915 387 987 453 illo.

150 471 232 538 eum
253 472 358 537 noctis
381 472 485 557 pullas
507 472 562 536 lux
585 478 699 557 quartu
721 474 896 538 removerit
917 474 1061 558 umbras,

149 556 291 622 Intrabit
313 557 415 622 celsae
437 556 597 623 Mavortia
618 558 747 623 moenie
768 556 899 623 Romae.

150 641 235 706 Huic
257 663 398 726 assurge,
422 662 499 706 cave
521 641 674 725 dimittes,
699 642 808 707 oscula
828 643 923 741 ἢῆ.

149 726 189 790 In
212 725 335 790 domini
357 725 456 810 digno
480 725 646 791 dominum
670 746 822 792 venerere
844 731 1005 793 ministro.

98 826 137 866 420
151 809 313 894 Quidquid
334 810 404 873 vult
423 830 462 874 ex
482 815 528 889 te,
555 811 709 896 quidquid
731 812 827 896 petit,
855 816 986 896 expetnt
1015 834 1057 877 ex
1076 819 1120 879 tc.

150 893 207 961 Nil
227 895 362 980 negites,
385 895 469 980 quod
492 896 601 979 hebes,
620 897 668 960 nil
690 897 766 961 huic
788 897 907 961 donare
928 914 1071 982 recuses,

151 979 308 1045 Ornetum
331 1003 389 1065 per
410 983 442 1044 te
464 1002 590 1045 summo
613 981 672 1045 sub
695 981 818 1046 honore
840 982 993 1046 remitte?

151 1063 225 1130 Nox
247 1066 321 1149 ruit,
345 1065 479 1150 augelus
501 1066 662 1149 abscessit,
686 1066 803 1149 vigilat
824 1086 916 1150 pape,
938 1067 1058 1151 surgit.

151 1147 228 1214 Non
250 1170 352 1232 pavor
373 1171 411 1214 ec
431 1153 536 1215 terror
557 1151 619 1215 sibi
641 1172 790 1215 somnum
811 1151 900 1235 rupit
921 1154 954 1216 et
972 1170 1078 1235 error,

99 1249 139 1290 425
153 1230 258 1298 Sudor
279 1236 451 1318 proruptus
471 1255 539 1299 non
561 1257 597 1299 os
618 1235 760 1320 perfudit
782 1238 814 1300 et
836 1237 934 1319 crtus,

150 1316 226 1383 Nun
248 1317 354 1382 somni
375 1318 525 1402 physices
547 1319 701 1404 dignatur
722 1319 852 1384 volvere
873 1323 993 1403 portus,

150 1401 228 1468 Non
249 1407 350 1482 curat,
373 1402 450 1488 quid
472 1404 623 1488 eburnea,
645 1426 715 1485 nec,
738 1405 814 1490 quid
836 1424 955 1470 cernes
976 1405 1099 1489 mittet,

152 1486 304 1563 Quemvis
326 1487 406 1552 haec
430 1489 513 1552 veris
534 1490 587 1568 sit,
610 1493 644 1554 at
665 1490 767 1554 ultera
788 1489 898 1572 perric
918 1489 1022 1569 falsis,

150 1570 227 1637 Non
250 1593 416 1657 creperum
438 1573 548 1653 sensit,
571 1595 637 1638 non
659 1574 747 1638 cordi
771 1573 939 1657 scrupulus
962 1574 1085 1640 haesit:

99 1673 138 1713 ⁴³0
152 1656 266 1722 Grates
289 1658 416 1723 divinae
438 1679 497 1743 pro
520 1659 591 1723 visu
613 1659 710 1723 solvit
732 1658 829 1723 usiae.

151 1741 213 1807 Sed
235 1747 347 1808 monet
368 1744 402 1807 iu
424 1742 525 1827 portis
549 1765 599 1808 me
620 1747 705 1808 stare
728 1762 861 1807 camene
882 1745 1006 1828 seretis,

150 1827 214 1891 Per
235 1848 286 1891 me
309 1830 499 1909 tractentur,
523 1829 656 1892 metrice
678 1828 762 1893 clevi
783 1831 977 1910 reserentur,

150 1911 235 1974 Nem
258 1915 334 1974 sunt
356 1915 535 1976 exstructae
556 1912 780 1996 physiologice
800 1912 935 1980 ratione.

153 1995 256 2059 Omne
278 1994 359 2059 latet
380 2016 492 2059 verum
515 1995 614 2060 dense
635 1997 773 2081 caligine
796 2000 926 2080 tectum,

99 2095 138 2136 4³⁶
153 2079 215 2144 Sed
237 2079 286 2143 vis
309 2078 371 2143 hcc
392 2080 518 2144 enimse
541 2078 612 2145 vult
634 2080 720 2145 clare
742 2082 813 2145 luce
834 2081 942 2145 ridere

148 2163 242 2249 Itque
264 2164 409 2248 reditque
431 2164 492 2229 sibi
515 2167 606 2250 quusi
628 2167 729 2231 libers
751 2170 836 2230 sorte
858 2165 1002 2251 regendi,

150 2249 237 2314 Dum
259 2271 355 2334 sopor
377 2250 510 2335 illapsus
533 2249 675 2318 defessos
697 2251 811 2337 irriget
832 2255 931 2334 crtus,

150 2336 292 2400 Aeterno
316 2340 406 2400 motu
429 2336 561 2420 iugique
584 2342 714 2402 movetu
737 2337 790 2399 rin
812 2340 886 2400 ectu

148 2418 246 2484 Nunc
259 2420 355 2502 intre,
370 2441 457 2483 nunc
472 2426 571 2498 extre,
585 2441 672 2486 nunc
685 2420 781 2503 infre,
797 2421 893 2484 modo
909 2440 1017 2504 supra,
1038 2428 1058 2482 f.
1066 2434 1116 2484 cuv

99 2521 138 2560 uo
151 2502 358 2585 Neturceque
381 2524 457 2567 suae
480 2505 529 2567 ius
552 2510 657 2570 servet
680 2509 714 2570 et
734 2506 837 2569 exerit
858 2506 893 2569 in
916 2522 950 2569 se

152 2586 279 2670 Aspicit
301 2587 491 2672 omnigenus
513 2608 620 2653 rerum
643 2590 764 2674 species
787 2593 819 2654 et
841 2589 938 2654 ideas.

152 2669 186 2736 Si
209 2692 300 2735 mens
323 2676 372 2736 est
394 2672 479 2736 vitiis
501 2673 639 2739 lascivae
662 2672 769 2739 dedite
791 2674 906 2753 carnis,

152 2755 188 2822 Si
210 2756 263 2821 vel
284 2756 429 2822 luxuriae
452 2759 503 2822 vel
524 2758 661 2824 flammis
684 2762 809 2824 aestuat
830 2761 906 2838 irae,

152 2839 216 2906 (ior
238 2842 273 2905 in
294 2842 464 2908 avaritiam
486 2844 514 2906 si
536 2843 656 2909 diffluit
678 2843 893 2927 ambitiosam,

99 2941 139 2980 41⁵
152 2924 299 2991 Somniat
310 2927 374 2992 hcc
410 2928 472 2992 uod
487 2927 558 3012 egit
579 2929 664 3011 quod
678 2929 813 3014 cogitet,
826 2930 945 3010 horret,
962 2929 1119 3010 hebescit,

151 3008 267 3091 Foede,
290 2950 431 3076 nefande
454 2976 663 3096 videtsfucit,
686 3013 770 3078 hanc
792 3013 899 3079 illusio
921 3018 1062 3097 torquet,

151 3092 296 3159 Intendit
318 3094 418 3177 falsis,
442 3096 514 3180 quis
536 3102 631 3182 porte
652 3099 762 3164 subest
784 3099 974 3183 elephantis.

218 3317 268 3366 417
295 3314 408 3368 muenia
435 3314 462 3369 G
538 3321 589 3372 418
617 3318 728 3372 cereT
805 3323 856 3372 425
883 3322 1037 3390 proruptus
1064 3316 1125 3374 GT

152 3383 202 3433 428
220 3379 270 3450 sit]
296 3381 383 3436 ertT
455 3388 505 3439 Μ
522 3383 598 3440 hesit
621 3384 647 3438 T
717 3392 769 3441 4³0
786 3385 874 3440 Grute
901 3386 926 3440 Τ
959 3402 1046 3456 usyue
1066 3387 1126 3442 GT

152 3453 203 3502 432
221 3447 344 3504 cleveT
410 3455 460 3507 441
478 3448 566 3520 ydem
585 3451 648 3506 GT
715 3461 767 3510 tet
782 3453 882 3508 Fuede,
898 3453 925 3508 G
959 3455 1082 3508 Pedes
