2370 3810
134 143 177 208 20
519 135 712 193 rarorum

138 294 255 360 Invisit
277 292 389 357 Dauos
412 292 565 373 confines,
589 289 674 354 Ditis
696 289 857 370 alumnos,

138 378 248 444 Saevit
269 377 326 442 ubi
348 377 432 442 sexis
454 377 505 441 vir
526 376 646 456 durior,
669 374 772 439 acrior
793 373 886 455 ursis,

101 485 127 526 ss
140 462 217 529 Non
239 484 257 527 a
281 461 450 547 pellendus
472 461 530 538 vir,
555 459 609 524 sed
630 458 681 523 leo
703 463 841 543 truxque
862 463 1041 547 tyrannus,

138 485 314 632 Ongendus
336 547 451 629 dictus,
472 545 631 609 furiarum
653 564 778 608 carcere
802 542 930 628 dignus,

138 631 277 698 Nomine
299 629 513 715 praetendens
535 628 623 693 ferus
646 629 809 713 ingenitos
831 627 893 692 sibi
914 650 1040 697 mores.

138 715 212 781 ‘On’
228 717 277 779 est
293 736 367 798 ens3
383 714 468 798 quod
480 713 589 798 prodit
604 713 731 795 ab‘est',
745 712 873 796 generis
884 711 956 778 vice
969 736 1045 780 non
1059 722 1121 784 est.

70 802 77 811 '
139 798 215 865 Non
237 801 275 863 ut
297 798 335 863 de
357 821 372 862 s
397 798 463 863 ccie
485 819 588 883 genus
610 801 647 861 ut
669 798 792 862 ducunt
813 797 978 882 isagogae,

101 908 127 948 55
140 883 216 949 Non
238 884 285 948 ita
309 882 347 948 de
369 821 459 948 denis
482 886 531 948 est
553 882 674 947 dictum
696 882 875 966 categoriis,

48 1048 50 1053 ,
139 967 202 1035 Sed
224 969 328 1053 magis
351 969 536 1052 aequivoce,
558 988 626 1031 non
648 967 786 1032 univoca
806 966 942 1031 ratione.

139 1056 185 1119 At
206 1075 280 1118 cum
302 1053 349 1116 nil
372 1055 435 1117 nisi
458 1075 492 1117 se
514 1052 663 1136 designet
684 1051 807 1135 syllaba
829 1072 886 1134 per
908 1072 954 1132 se,

140 1137 203 1204 Sed
225 1138 458 1223 consignificet,
482 1137 598 1202 sinon
621 1139 654 1200 et
676 1136 773 1201 dictio
797 1139 932 1214 constet,

140 1222 303 1286 Posterior
323 1221 446 1305 primae
469 1221 512 1285 sit
533 1225 566 1285 et
587 1220 702 1285 ultima
723 1221 832 1286 iuncta
854 1219 1017 1288 secundae

102 1329 127 1370 55
141 1305 312 1388 Finalique
333 1326 392 1388 per
414 1310 455 1369 ‘a’
479 1306 522 1369 sit
543 1304 652 1370 littera
674 1326 757 1370 nexa
778 1305 910 1371 canina:

140 1389 210 1454 ‘Est
231 1410 312 1474 gens
334 1389 426 1453 dura’
451 1393 546 1455 sonat
568 1390 702 1455 conexio
725 1389 867 1454 nominis
889 1393 972 1455 acta.

141 1473 248 1538 Durus
271 1496 326 1538 rex
348 1474 439 1559 genti
462 1475 559 1540 durae
582 1476 700 1540 meruit
722 1473 891 1540 dominari.

141 1557 204 1624 Gor
225 1559 468 1624 adamantinum
490 1581 524 1625 se
545 1583 681 1644 pravum
703 1560 800 1625 vertit
821 1559 856 1623 in
879 1580 1002 1643 eroum,

139 1642 215 1709 Non
237 1644 345 1728 potuit
366 1645 484 1731 frangi,
509 1645 599 1709 verbi
621 1648 771 1730 magnete
793 1643 903 1727 secari,

102 1752 128 1791 ro
141 1727 276 1793 Ferrum
299 1751 363 1814 quo
386 1730 534 1812 trahitur,
558 1750 621 1814 quo
644 1728 748 1794 ferrea
770 1749 860 1792 mens
882 1728 1036 1814 leviatur,

140 1811 180 1876 In
202 1813 326 1876 caelum
348 1815 482 1896 rapitur,
507 1813 580 1877 dum
605 1835 762 1897 suspensa
784 1812 978 1896 speculatur.

141 1895 202 1962 Sed
225 1917 335 1979 pressa
356 1897 455 1978 rabie,
480 1897 595 1980 sopitis
617 1898 747 1984 ignibus
770 1898 836 1963 irae

83 1993 88 2004 '
141 1979 296 2062 Obsequii
317 2001 435 2045 munus
456 1981 611 2064 persolvit
633 1987 666 2046 et
686 1983 818 2066 hospitii
841 1982 902 2066 ius,

139 2061 217 2128 Non
238 2067 347 2129 tamen
369 2066 518 2149 attendit,
541 2065 596 2131 sed
619 2067 708 2131 verbi
730 2071 891 2151 spermata
912 2071 1049 2150 sprevit,

74 2157 78 2166 '
101 2171 127 2211 45
141 2145 229 2224 Quae
252 2148 373 2230 didicit,
397 2171 465 2214 non
487 2149 649 2233 dedidicit,
673 2173 740 2216 non
762 2153 897 2237 figmina
918 2150 1027 2237 liquit.

140 2232 263 2298 Tantae
286 2234 422 2300 duritiae
445 2235 510 2300 vim
531 2257 671 2320 pensans
693 2237 822 2302 assecla
835 2237 920 2303 vitae

141 2318 248 2382 Moliri
269 2319 401 2399 frustra,
425 2322 532 2400 vexari
554 2321 661 2386 noluit
682 2323 783 2386 ultra:

140 2403 287 2484 Abstitit,
311 2405 410 2468 exivit
432 2405 602 2489 caulasque
625 2428 698 2470 suas
721 2405 881 2491 repetivit.

140 2485 180 2549 In
195 2487 367 2551 remeando
387 2487 483 2569 dolet,
501 2489 587 2571 quod
609 2489 699 2554 nulla
719 2492 842 2556 talenta
857 2495 1012 2576 reportet,
1035 2500 1056 2556 f.
1069 2507 1115 2557 aar

102 2592 127 2633 55
142 2567 234 2645 Quod
257 2589 376 2633 vacuus
398 2576 528 2655 remeet,
551 2573 678 2658 tritura,
701 2575 787 2660 quod
809 2597 883 2641 area
904 2580 1024 2642 cesset:

141 2652 289 2718 Occurrit
310 2656 412 2719 menti
434 2657 545 2742 magni
567 2657 739 2742 prudentia
760 2660 864 2728 Pauli.

140 2737 260 2803 Paulus
282 2736 456 2824 Bithyniae
478 2742 560 2807 fines
583 2745 723 2810 decrevit
744 2744 841 2822 adire,

140 2822 280 2889 Pelleret
301 2827 337 2889 ut
358 2826 507 2892 tenebras
529 2829 654 2908 mortis,
678 2830 879 2895 subverteret
900 2851 980 2914 aras,

141 2906 203 2973 Sed
224 2908 297 2974 Iesu
321 2909 441 2977 Christi
463 2912 581 2977 restitit
603 2914 665 2978 sibi
687 2914 804 2980 flamen
827 2915 933 2980 eunti:

103 3011 130 3051 55
145 2991 276 3057 Destitit
298 2998 331 3058 et
352 2993 491 3081 Mysiam
514 2998 620 3062 studet
642 3019 728 3085 agno
751 3000 885 3085 iungere
908 3020 1073 3085 sponsam.

140 3160 272 3237 moestus·
288 3160 314 3214 Τ
351 3161 424 3217 letos
447 3164 473 3218 Τ
539 3171 571 3219 24
590 3164 668 3222 Sevit
687 3167 745 3222 GT
788 3174 844 3222 >27
861 3168 1035 3248 pretendens
1055 3169 1115 3226 GT

141 3232 174 3282 28
191 3225 288 3307 prodrt
305 3229 385 3283 abest
404 3230 429 3283 Τ
495 3237 534 3310 29·
544 3250 687 3355 ysagogas
708 3235 786 3358 (gisi,
811 3241 845 3291 30
854 3235 1035 3360 pathpgggris
1055 3237 1116 3360 G}

140 3297 372 3442 ddddri'ihvthcreff
425 3303 458 3446 d}
476 3299 614 3422 {21⁸1}le
647 3309 866 3492 surgensaeddm
886 3370 946 3427 GT
1001 3321 1112 3429 {baho-

140 3443 221 3497 spicu
241 3429 299 3484 GT
347 3438 380 3488 46
394 3434 518 3490 donuae
531 3435 592 3494 GT
640 3443 673 3492 52
709 3438 847 3509 ythymae
860 3439 914 3494 GT
963 3446 996 3496 53
1009 3456 1075 3497 oras
1088 3443 1114 3496 T
