2370 3810
524 743 594 821 ,⁸

93 896 250 982 Prologus
270 897 304 960 in
324 898 424 961 vitam
439 895 621 960 Wilbrordi
642 901 798 961 crusmate
820 897 961 984 dignam.
984 908 1060 966 tarr

90 1114 169 1181 Non
191 1115 266 1180 salit
287 1114 411 1200 ingenii
434 1113 514 1179 mihi
535 1114 660 1198 proflua
682 1137 765 1182 vena
786 1117 938 1204 profundi

89 1200 162 1265 Neo
183 1221 235 1264 me
257 1204 410 1265 ventosae
432 1199 527 1283 rapit,
549 1198 642 1264 inflat
664 1200 769 1285 gloria
791 1201 908 1285 famae,

91 1284 155 1351 Sed
178 1283 264 1350 Oarli
284 1284 426 1368 prudens
448 1283 574 1349 Alewin
596 1288 706 1350 movet
728 1286 976 1371 hyperaspistes,

64 1369 241 1436 aOarmine
264 1369 320 1453 qui
342 1369 445 1447 nostri
467 1368 603 1453 replicat
624 1391 715 1435 saera
737 1375 829 1455 gesta
851 1373 991 1455 patroni,

89 1452 152 1520 Sed
173 1475 241 1520 non
262 1453 411 1535 attendit,
434 1475 515 1538 quae
538 1454 663 1537 syllaba
683 1454 793 1538 longa,
815 1455 924 1520 brevis
948 1457 1000 1538 sit,

88 1537 133 1604 Et
154 1559 212 1602 oeu
234 1537 386 1623 Lucilius,
409 1538 484 1602 dum
506 1538 649 1621 profluit,
673 1541 723 1602 est
744 1538 941 1603 lutulentus:

88 1622 269 1706 Invigilans
294 1624 380 1688 curis
402 1623 494 1686 aulae
518 1623 625 1705 magis
647 1622 823 1705 imperialis

89 1706 188 1792 Cogit
208 1707 290 1772 inire
314 1706 423 1772 modos
444 1728 497 1770 me
519 1727 617 1770 renea
637 1705 732 1771 fauce
755 1727 897 1772 sonoros.

49 1815 75 1854 1ο
88 1791 165 1857 Non
188 1791 468 1876 superimpositam
491 1790 553 1855 sibi
574 1790 679 1856 laudis
702 1790 795 1856 demo
818 1812 978 1878 eoronam,

89 1876 151 1942 Sed
172 1878 280 1960 potius
301 1897 424 1957 vereor,
447 1896 487 1942 ne
510 1879 627 1940 ounota
646 1880 745 1962 neget
768 1875 848 1942 mihi
873 1877 965 1961 livor,

88 1960 138 2026 Ne
160 1961 290 2026 mordax
312 1961 407 2046 aspis,
429 1982 470 2025 ne
492 1959 615 2026 Lernae
636 1961 783 2026 mordeat
804 1962 928 2046 anguis.

88 2045 168 2111 Fido
189 2050 308 2128 tamen,
336 2045 450 2111 vestris
472 2045 500 2109 si
521 2067 573 2109 me
595 2045 769 2110 defenditis
791 2047 898 2129 armis,

88 2129 185 2194 Virus
206 2131 371 2214 vipereum
392 2135 474 2208 tero,
496 2130 584 2194 oaloo
606 2151 703 2214 super
725 2130 918 2195 basiliscum.

48 2237 74 2278 15
88 2212 229 2298 Spiritus
251 2216 371 2300 aspiret
392 2235 547 2292 summus,
571 2234 643 2277 mea
664 2214 797 2278 carbasa
819 2213 944 2297 perflet,
1078 2245 1081 2252 ·

87 2298 289 2365 transvehat
309 2300 345 2363 in
366 2303 496 2383 portum
519 2299 589 2362 sine
615 2302 805 2382 tempestate
829 2299 985 2383 quietum.

127 2552 153 2620 Ι.
182 2552 303 2650 Incipit
323 2553 462 2618 heroicis
484 2551 663 2618 Wilbrordi
685 2553 752 2618 vita
775 2545 926 2618 camenis.
970 2561 1051 2622 tw

86 2635 263 2712 Quadrifidl
286 2638 385 2704 cosmi
409 2637 511 2703 solem
533 2658 685 2721 peperere
709 2636 868 2721 Britanni,

85 2720 194 2787 Solem
209 2721 442 2806 Wilbrordum,
464 2721 519 2807 qui
535 2722 634 2786 comit
649 2721 770 2786 lumine
785 2721 952 2799 mundum,
978 2728 997 2783 f.
1009 2733 1053 2784 58¹

44 2828 72 2867 1ο
86 2804 223 2872 Lumine
246 2809 385 2890 caelesti,
410 2807 511 2871 divini
533 2810 694 2893 spermate
717 2805 817 2870 verbi.

84 2889 150 2956 Hie
171 2893 261 2976 prius
284 2897 333 2957 est
354 2895 451 2956 notus
473 2891 604 2973 mundo,
628 2912 724 2975 quam
747 2889 906 2970 oopditus,
930 2893 1033 2976 ortua,

84 2977 174 3041 Ante
196 2977 366 3061 revelatus,
389 2997 486 3060 quam
509 2977 615 3040 earnis
638 2975 790 3040 lemmata
810 2977 935 3040 naetus.

83 3059 170 3126 Nam
193 3065 304 3127 tantae
326 3060 429 3146 prolis
449 3064 563 3142 mater,
585 3060 645 3125 flos
668 3059 859 3140 nobilitatis,

150 3230 398 3285 Variolaotio.
469 3229 668 3298 aparfluaT
735 3226 942 3300 attentum}
976 3237 1071 3286 weu-

82 3297 204 3367 aepistes
232 3297 291 3351 GT
357 3296 567 3353 teonoraaT
638 3303 674 3354 m
700 3312 792 3366 super
818 3293 1005 3412 'uffiffinpxm
1032 3277 1128 3360 Μ,

945 3429 968 3459 ¹⁸

82 3371 116 3420 14
135 3365 301 3432 basilysoum
322 3364 384 3421 GT
451 3371 487 3425 20
507 3364 613 3424 celesti
633 3366 694 3424 GT
769 3370 813 3419 ‘tt
831 3378 849 3415 e
924 3439 947 3482 i
