2370 3810
163 179 207 242 50
551 173 742 230 unionum

112 327 348 394 raoEmundate
371 328 512 406 domum,
536 348 577 391 ne
600 328 642 392 sit
664 326 822 411 spelunca
841 327 1018 411 latronum,

163 412 215 478 Ne
237 434 295 477 vos
316 412 492 477 vendentes
514 412 591 476 deus
613 411 782 476 inveniens
804 416 837 476 et
859 417 1003 477 ementes

164 497 315 562 Restibus
337 497 489 576 excutiat,
514 496 599 561 vitae
621 495 660 560 de
682 495 793 561 limine
817 497 936 564 trudat.

206 580 361 647 XXVIII.
386 581 448 647 Sed
463 581 539 664 quia
549 602 609 645 nos
619 581 688 665 poti
698 602 804 665 vappa
815 603 925 647 sumus
940 581 1025 647 aeris
1037 584 1133 667 aceti,

166 667 379 747 Divertamus,
402 665 458 730 ubi
480 665 627 730 redolent
649 665 777 730 cellaria
799 666 875 734 vini.

97 769 150 814 eru
162 753 283 815 Annua
305 749 449 835 Wilgisli
469 748 565 814 rediit
587 749 758 814 celebratio
779 749 867 816 festi:

164 834 281 901 Officio
305 835 422 899 celebri
443 834 513 898 laus
535 834 669 899 solvitur
691 836 758 898 eius
780 832 907 913 honori,

164 920 250 985 Grex
274 919 375 984 duleis
396 919 466 985 nati
489 919 545 983 dat
566 918 651 983 dulei
674 917 807 983 chroma
827 919 965 1002 parenti.

163 1005 225 1071 Sed
248 1005 322 1069 dum
346 1007 517 1069 consuetae
540 1006 664 1088 peteret
686 1003 853 1069 sollemnia
874 1025 1016 1086 mensae,

162 1089 246 1168 Non,
271 1111 335 1174 quo
358 1089 479 1174 gaudet
501 1108 565 1168 cor,
588 1088 714 1153 suffecit
735 1089 838 1153 viteus
860 1086 984 1172 humor,

111 1195 150 1234 aso
162 1173 219 1238 Nil
241 1174 355 1237 habuit
376 1195 496 1238 vacuus
518 1176 646 1257 praeter
668 1173 730 1236 duo
754 1172 884 1238 vascula
904 1194 1049 1258 promus,

162 1256 304 1322 Vasoula
326 1258 365 1322 de
387 1258 487 1342 virgis
509 1257 605 1321 lentis
627 1261 774 1322 conserta
795 1257 945 1341 salignis,

160 1341 212 1406 Ex
233 1342 284 1405 his
307 1346 356 1406 est
376 1342 524 1418 bibitum,
547 1362 645 1406 cenae
666 1342 773 1407 minus
795 1342 871 1406 inde
893 1342 1052 1408 relietum.

162 1424 224 1490 Sed
248 1426 439 1511 vespertinis
461 1426 630 1490 celebratis
653 1426 797 1491 dulcibus
819 1426 949 1511 hymnis

161 1510 256 1575 Aecit
277 1509 469 1576 Adelbertus
493 1511 679 1576 coenobitas
702 1512 743 1575 he
768 1531 911 1588 umenus,

109 1615 146 1656 235
160 1593 307 1661 Roborat
328 1595 469 1680 alloquio
492 1595 662 1661 concordia
683 1531 780 1660 corda
800 1599 950 1678 paterno:

159 1680 278 1746 ‘Filioli
300 1680 485 1765 dominique
506 1681 581 1762 mei,
604 1681 674 1745 sitis
696 1679 872 1745 benedicti!
1045 1686 1120 1742 teo*

157 1765 233 1830 Non
257 1766 327 1830 sitis
349 1767 474 1845 maesti,
498 1787 565 1830 non
587 1765 694 1830 desint
714 1763 832 1849 gaudia
854 1765 965 1849 menti,

157 1849 235 1914 Non
257 1849 348 1915 dolor
370 1850 492 1914 afficiat
513 1850 584 1933 quis
606 1850 691 1914 vitae
713 1850 807 1933 panis
829 1849 981 1914 abundat

159 1932 268 1998 Viuite
290 1934 428 2016 spiritui,
452 1954 518 1998 uon
542 1955 597 1997 cor
618 1935 813 1998 substernite
835 1935 934 2011 carni,

106 2037 144 2077 aro
157 2016 315 2102 Prospera
337 2039 404 2082 non
426 2017 551 2100 inflent,
573 2039 640 2083 non
664 2039 722 2082 vos
744 2019 877 2083 adverse
898 2017 1049 2103 fatigent.

157 2100 232 2166 Non
254 2103 354 2167 animi
376 2102 501 2181 levitas,
524 2123 590 2166 non
617 2122 675 2166 vos
698 2103 812 2168 unavit
833 2105 970 2187 egestas,

156 2185 231 2252 Non
254 2188 295 2252 ad
318 2187 447 2252 delicias
473 2187 536 2252 hue
559 2186 756 2253 convenistis
778 2188 910 2271 opimas,

157 2271 219 2337 Sed
266 2273 383 2338 erferre
406 2272 536 2355 famem,
561 2272 631 2338 sitis
653 2275 790 2354 aestum,
814 2272 944 2351 damna,
968 2271 1118 2336 laborem.

155 2357 216 2422 Est
237 2296 313 2423 deus
335 2358 370 2421 in
392 2359 493 2441 vobis,
515 2358 549 2421 in
572 2376 610 2421 eo
633 2357 714 2438 sitis,
737 2357 905 2421 maneatis.

104 2459 144 2499 uu
157 2440 262 2505 Patris
284 2443 413 2525 patroni
436 2442 542 2506 colitis
565 2440 735 2506 sollemnia
755 2441 869 2522 nostri,

154 2524 296 2589 Pensum
318 2526 470 2608 solvistis,
491 2525 605 2607 plenas
628 2525 739 2609 epulas
760 2525 932 2608 meruistis,

155 2607 217 2674 Sed
240 2608 287 2672 nil
310 2613 359 2673 est
380 2608 458 2692 villi,
480 2611 535 2672 rix
556 2613 693 2692 possunt
714 2612 847 2694 guttura
868 2609 965 2694 tingi.

153 2691 230 2758 Non
253 2693 437 2776 desperetis,
460 2715 526 2758 non
547 2715 710 2758 murmure
732 2714 790 2758 vos
812 2694 987 2759 maculetis.

153 2777 255 2843 Filius
278 2777 373 2844 huius
396 2780 451 2861 eri,
476 2777 690 2856 Wilbrordus,
714 2778 819 2863 glorie
840 2779 931 2861 caeli,

101 2863 241 2928 arvina
263 2865 457 2949 propinavit,
480 2885 562 2948 quae
585 2884 651 2928 non
672 2869 790 2928 natura
812 2863 948 2944 creavit3

153 2946 216 3012 Sed
238 2949 313 3013 fidei
335 2951 496 3030 meritum,
520 2948 575 3033 pia
595 2969 696 3031 mens,
719 2968 774 3012 cor
795 2947 896 3030 dulce,
920 2968 1069 3012 serenum

153 3030 205 3097 Sic
227 3034 312 3115 potis
335 3039 384 3099 est
405 3034 522 3099 modici
545 3037 655 3118 guttas
677 3053 794 3118 augere
816 3032 922 3116 lyaei?

219 3205 269 3252 222
282 3201 409 3255 excuciat
422 3202 448 3256 G
466 3201 648 3256 excruciatT
707 3207 756 3258 223
770 3199 860 3255 acaeti
874 3200 900 3254 G
962 3207 1012 3255 222
1025 3216 1120 3255 oroma

153 3266 211 3320 GT
283 3272 332 3321 228
350 3267 518 3336 sollempnia
538 3269 597 3323 GT
668 3274 717 3323 232
736 3283 841 3322 caenae
861 3268 887 3322 G
960 3275 1011 3324 233
1028 3268 1120 3337 ymnis

152 3333 210 3389 GT
282 3340 332 3389 234
350 3334 512 3391 coenobitas
531 3337 558 3391 G
580 3335 725 3390 cenobT
762 3351 920 3406 ygumenus
940 3336 998 3391 GT
1069 3341 1118 3390 232

150 3401 233 3457 mesti
252 3401 312 3457 GT
372 3409 418 3457 241
433 3404 578 3457 animisT
634 3409 683 3458 242
696 3403 807 3458 delitias
827 3403 854 3457 G
913 3407 963 3458 243
981 3402 1120 3459 famenT

149 3470 274 3540 dampna
287 3470 347 3526 GT
383 3471 525 3527 244nobis
538 3472 564 3525 T
602 3476 652 3525 244
664 3471 820 3541 solempnia
833 3472 892 3526 GT
929 3477 979 3527 232
993 3470 1050 3541 lyei
1063 3470 1121 3526 GT
