2370 3810
266 135 354 192 VITA
365 135 617 193 WlIrLIBItORDI
633 131 808 191 ΜΕΤΒΙΟΔ.
831 134 899 195 LIB.
911 136 932 190 Ι.
1061 136 1082 203 9

62 310 101 350 1⁸⁵
116 291 179 369 oui
200 313 269 357 non
291 290 460 374 exequitur
483 289 577 354 eitius
599 287 810 373 quodeunque
831 288 960 357 iubetur

115 375 177 453 oui
198 376 329 461 mythos
351 375 458 456 iterat
482 373 538 457 qui
559 373 694 439 mendae
715 373 833 439 frivola
853 336 980 457 traetai,

115 460 178 538 Qui
192 482 261 527 non
275 459 443 527 summisse
458 458 535 542 quid
550 458 754 543 proloquitur
767 479 828 523 nee
842 456 987 542 honeste,
1008 465 1081 524 torf

114 545 177 622 oui
199 546 256 611 dat
275 564 464 627 responsum
486 543 621 610 eentum
642 548 749 609 mente
769 545 969 627 protervum,

115 630 178 707 oui
200 632 299 713 eaput
319 628 451 696 induoto
471 627 553 713 tegit
573 628 702 693 intrans
722 650 814 694 saera
835 627 960 695 oueullo

62 715 160 779 reeEt
181 715 236 798 qui
259 714 430 781 mauduoot
451 713 634 797 quiequam,
662 715 690 778 si
710 735 779 779 non
800 712 891 797 prius
913 715 995 780 orat.

116 798 178 865 Oui
199 820 276 863 vero
298 797 430 865 verbum
453 796 539 864 eadit
560 819 673 883 expers
694 798 813 882 frugis,
832 798 990 881 ineptum,

115 884 184 947 Aut
205 883 253 948 bis
275 903 330 950 sex
352 881 467 967 flagris
483 881 546 947 luit
567 885 624 949 aut
645 883 783 966 geminis
806 883 880 949 silet
900 880 998 946 heris.

115 967 175 1032 His
197 967 319 1034 athleta
340 967 460 1033 scholis
482 965 605 1034 studuit
625 970 676 1032 ter
697 970 850 1050 quattuor
872 965 975 1044 aunis,

115 1051 200 1128 Quot
220 1052 285 1117 fuit
307 1055 469 1116 aestatum
489 1051 592 1135 patris
613 1051 781 1135 sapientia,
802 1051 947 1131 verbum,

63 1155 102 1195 195
116 1138 205 1202 Dum
227 1158 261 1201 se
283 1135 470 1220 symmystis
492 1136 630 1220 iungens
653 1139 688 1200 in
710 1137 783 1222 lege
803 1134 917 1221 peritis
1029 1184 1042 1198 „

113 1219 202 1297 Quae
226 1221 335 1285 docuit
356 1219 478 1298 didicit,
501 1220 592 1304 quasi
613 1221 741 1287 nescius
763 1221 873 1288 omnia
893 1218 995 1284 nouit

156 1305 198 1372 V.
221 1304 366 1389 Cumque
381 1304 430 1369 vir
445 1303 575 1371 effeetus
590 1308 679 1370 totus
698 1311 782 1373 teres
803 1310 898 1391 atque
913 1303 1077 1370 rotundus

112 1391 272 1476 Trigenos
294 1410 332 1454 ee
353 1393 418 1453 tres
441 1389 562 1455 solares
584 1389 731 1457 volveret
752 1391 856 1470 orbes,
877 1429 920 1441 -
1052 1419 1055 1425 ·

112 1474 174 1541 Est
195 1477 300 1539 aetate
323 1478 422 1558 quota
444 1472 565 1541 Christi
589 1473 679 1541 Mors
700 1482 804 1543 morte
830 1475 1040 1560 perempta-

60 1559 289 1646 aeePregeniee
311 1557 462 1625 Abrahae
484 1561 726 1645 peregrinantis
748 1562 948 1646 patriarchae
1079 1624 1081 1628 .

10 1712 20 1725 ,
113 1644 262 1710 Exterris
284 1643 406 1727 patrios
429 1643 569 1709 invisere
591 1645 699 1711 uoluit
720 1666 825 1730 agros,
887 1706 890 1711 .

113 1729 231 1794 Maluit
252 1728 287 1793 in
308 1728 438 1811 populis
460 1727 614 1810 ignobilis
636 1749 705 1792 esse
726 1730 857 1794 remotis

113 1816 163 1879 Ao
184 1811 385 1898 peregrinari
407 1811 438 1875 le
465 1812 552 1894 'sque
574 1816 677 1878 temes
699 1814 857 1879 meditari.

112 1897 249 1964 Pectore
271 1895 422 1982 pervigili
459 1899 636 1964 rauseurrit
657 1898 788 1964 elimata
809 1896 919 1980 cosmi,

61 2001 100 2042 205
113 1981 273 2059 Quorsum
296 1981 443 2060 divertat,
467 2003 530 2065 quo
551 1983 642 2049 verbi
663 1988 824 2068 spermata
846 1986 988 2069 spargat.

112 2068 225 2134 Ardua
246 2066 390 2133 volventi
412 2065 496 2133 sedit
517 2068 680 2135 sententia
700 2070 802 2136 menti

113 2155 234 2218 Arctoo
256 2151 378 2237 gelidae
400 2151 539 2216 inuisere
560 2151 683 2238 frigore
704 2158 815 2220 terras.

112 2236 176 2302 Sed
198 2235 284 2321 quod
302 2235 451 2318 eoneepit
471 2256 571 2314 mens,
595 2237 679 2320 quod
701 2238 836 2320 peperit,
860 2238 1022 2322 patefecit,

112 2320 146 2387 N
147 2343 190 2386 on
213 2320 308 2387 sociis
329 2319 448 2401 tatuit,
472 2339 551 2402 quos
572 2319 659 2403 ignis
681 2322 864 2405 pneumatis
885 2323 975 2408 ussit,

59 2426 99 2466 210
113 2409 160 2474 At
183 2427 222 2471 ue
245 2408 359 2490 quater
379 2407 489 2468 ternas
511 2403 630 2490 delegit
650 2404 686 2470 in
708 2405 820 2472 ordine
841 2407 960 2493 stellas,

113 2428 232 2559 steila
254 2489 402 2575 signiferi
423 2491 622 2587 praestantes
644 2490 748 2556 sidera
771 2492 862 2576 caeli,

113 2575 196 2642 Oum
218 2575 335 2661 quibus
358 2574 448 2641 idolrr
469 2575 618 2640 tenebras
641 2575 833 2643 subdueeret
854 2579 933 2646 orbi.

111 2660 158 2727 Et
179 2661 227 2726 sie
249 2660 432 2727 disseruere
453 2659 556 2727 nubes
578 2665 755 2745 ventosque
777 2662 916 2730 ferentes

112 2746 163 2811 Im
187 2745 272 2811 osuit
294 2745 371 2810 navi
392 2743 528 2811 comites
548 2746 608 2810 sub
629 2767 762 2811 munere
784 2748 888 2831 nauli3

58 2847 100 2888 215
114 2769 185 2896 Seri
193 2831 269 2915 quia
282 2852 350 2896 non
364 2830 428 2896 nisi
439 2849 473 2893 se
509 2829 657 2914 uiequam
667 2833 775 2915 potuit
786 2832 862 2896 dere
872 2853 930 2914 pro
940 2853 983 2915 se,
1005 2839 1080 2894 tetv

112 2914 190 2980 Non
213 2918 263 2979 est
284 2915 456 2983 admissus:
479 2850 635 2980 {stendit
655 2915 789 2981 carbasa
810 2923 935 2995 ventus,

112 2999 205 3065 Litus
228 2999 394 3084 deseritur,
417 3018 521 3082 prono
545 3000 624 3065 ratis
647 3020 785 3084 aequore
806 3000 918 3080 fertur,

182 3173 231 3223 186
249 3167 334 3223 eieiua
354 3167 412 3222 GT
480 3170 528 3223 193
547 3166 655 3221 ahtiets
674 3168 701 3221 θ
734 3169 865 3224 aeolis-
884 3173 1005 3240 quatuor
1023 3170 1082 3226 GT

113 3241 163 3291 19⁶
180 3236 334 3306 symmistis
353 3234 412 3291 GT
470 3239 522 3291 200
539 3234 689 3290 Habrahae
709 3236 768 3291 GT
825 3245 875 3294 208
892 3239 1005 3294 thomos
1023 3239 1082 3293 GT

110 3310 162 3360 204
189 3304 313 3373 clymata
340 3302 398 3358 GT
471 3308 521 3359 208
543 3321 582 3359 aa
605 3307 669 3371 poet
693 3319 718 3358 e.
736 3311 788 3360 tot
832 3306 980 3360 oaueduei
1021 3321 1090 3356 m-

111 3372 207 3442 eaepit
225 3370 252 3426 0
330 3377 378 3426 211
398 3371 517 3441 signifiri
536 3372 563 3428 θ
595 3372 763 3443 prestantes
778 3389 810 3444 sy
835 3389 891 3426 era
907 3371 969 3423 GT
1008 3363 1110 3418 affl

111 3445 162 3493 214
178 3439 303 3508 inposuit
321 3439 348 3494 θ
417 3445 467 3496 215
487 3441 650 3514 quidquam
669 3441 695 3498 Τ
