<?xml version="1.0" encoding="UTF-8"?>
<!DOCTYPE html PUBLIC "-//W3C//DTD XHTML 1.0 Transitional//EN"
    "http://www.w3.org/TR/xhtml1/DTD/xhtml1-transitional.dtd">
<html xmlns="http://www.w3.org/1999/xhtml" xml:lang="en" lang="en">
 <head>
  <title>
</title>
<meta http-equiv="Content-Type" content="text/html;charset=utf-8" />
  <meta name='ocr-system' content='tesseract 3.04.00' />
  <meta name='ocr-capabilities' content='ocr_page ocr_carea ocr_par ocr_line ocrx_word'/>
</head>
<body>
  <div class='ocr_page' id='page_1' title='image "./thiofridieptern00rossgoog_0018.png"; bbox 0 0 2370 3810; ppageno 0'>
   <div class='ocr_carea' id='block_1_1' title="bbox 451 180 1073 251">
    <p class='ocr_par' dir='ltr' id='par_1_1' title="bbox 451 180 1073 251">
     <span class='ocr_line' id='line_1_1' title="bbox 451 180 1073 251; baseline -0.008 -12"><span class='ocrx_word' id='word_1_1' title='bbox 451 180 735 239; x_wconf 78' lang='lat' dir='ltr'>raocneouam.</span> <span class='ocrx_word' id='word_1_2' title='bbox 1025 204 1073 251; x_wconf 66' lang='lat' dir='ltr'>xv</span> 
     </span>
    </p>
   </div>
   <div class='ocr_carea' id='block_1_2' title="bbox 102 335 1130 3556">
    <p class='ocr_par' dir='ltr' id='par_1_2' title="bbox 104 335 1076 763">
     <span class='ocr_line' id='line_1_2' title="bbox 188 335 1076 425; baseline -0.001 -18"><span class='ocrx_word' id='word_1_3' title='bbox 188 340 274 419; x_wconf 87' lang='lat' dir='ltr'>Iam,</span> <span class='ocrx_word' id='word_1_4' title='bbox 297 339 451 425; x_wconf 89' lang='lat' dir='ltr'>quoniam</span> <span class='ocrx_word' id='word_1_5' title='bbox 475 338 513 403; x_wconf 91' lang='lat' dir='ltr'>de</span> <span class='ocrx_word' id='word_1_6' title='bbox 530 336 623 402; x_wconf 90' lang='lat' dir='ltr'>Vitae</span> <span class='ocrx_word' id='word_1_7' title='bbox 642 335 977 406; x_wconf 85' lang='lat' dir='ltr'>metricaecodicibus</span> <span class='ocrx_word' id='word_1_8' title='bbox 993 340 1076 405; x_wconf 84' lang='lat' dir='ltr'>eius-</span> 
     </span>
     <span class='ocr_line' id='line_1_3' title="bbox 104 421 1073 511; baseline -0.002 -20"><span class='ocrx_word' id='word_1_9' title='bbox 104 447 166 511; x_wconf 88' lang='lat' dir='ltr'>que</span> <span class='ocrx_word' id='word_1_10' title='bbox 195 426 335 490; x_wconf 82' lang='lat' dir='ltr'>editione</span> <span class='ocrx_word' id='word_1_11' title='bbox 364 423 566 489; x_wconf 89' lang='lat' dir='ltr'>Deckeriana</span> <span class='ocrx_word' id='word_1_12' title='bbox 592 427 642 487; x_wconf 92' lang='lat' dir='ltr'>sat</span> <span class='ocrx_word' id='word_1_13' title='bbox 675 421 779 486; x_wconf 78' lang='lat' dir='ltr'>multa</span> <span class='ocrx_word' id='word_1_14' title='bbox 805 423 962 489; x_wconf 85' lang='lat' dir='ltr'>attulisse</span> <span class='ocrx_word' id='word_1_15' title='bbox 978 425 1073 489; x_wconf 86' lang='lat' dir='ltr'>nobis</span> 
     </span>
     <span class='ocr_line' id='line_1_4' title="bbox 104 505 1073 592; baseline -0.001 -17"><span class='ocrx_word' id='word_1_16' title='bbox 104 510 266 592; x_wconf 83' lang='lat' dir='ltr'>videmur,</span> <span class='ocrx_word' id='word_1_17' title='bbox 289 511 486 574; x_wconf 84' lang='lat' dir='ltr'>revertentes</span> <span class='ocrx_word' id='word_1_18' title='bbox 508 507 553 573; x_wconf 87' lang='lat' dir='ltr'>ad</span> <span class='ocrx_word' id='word_1_19' title='bbox 570 505 773 572; x_wconf 80' lang='lat' dir='ltr'>Thicfridum</span> <span class='ocrx_word' id='word_1_20' title='bbox 797 506 836 570; x_wconf 93' lang='lat' dir='ltr'>de</span> <span class='ocrx_word' id='word_1_21' title='bbox 851 507 1011 591; x_wconf 87' lang='lat' dir='ltr'>fontibus,</span> <span class='ocrx_word' id='word_1_22' title='bbox 1034 531 1073 574; x_wconf 89' lang='lat' dir='ltr'>ex</span> 
     </span>
     <span class='ocr_line' id='line_1_5' title="bbox 105 589 1073 679; baseline -0.001 -20"><span class='ocrx_word' id='word_1_23' title='bbox 105 595 222 679; x_wconf 90' lang='lat' dir='ltr'>quibus</span> <span class='ocrx_word' id='word_1_24' title='bbox 245 595 373 675; x_wconf 87' lang='lat' dir='ltr'>hausit,</span> <span class='ocrx_word' id='word_1_25' title='bbox 402 592 442 656; x_wconf 88' lang='lat' dir='ltr'>de</span> <span class='ocrx_word' id='word_1_26' title='bbox 462 592 530 656; x_wconf 89' lang='lat' dir='ltr'>eius</span> <span class='ocrx_word' id='word_1_27' title='bbox 553 589 836 679; x_wconf 86' lang='lat' dir='ltr'>generedicendi,</span> <span class='ocrx_word' id='word_1_28' title='bbox 871 593 1073 676; x_wconf 84' lang='lat' dir='ltr'>antiquitatis</span> 
     </span>
     <span class='ocr_line' id='line_1_6' title="bbox 105 676 754 763; baseline -0.006 -19"><span class='ocrx_word' id='word_1_29' title='bbox 105 679 298 763; x_wconf 82' lang='lat' dir='ltr'>studiis,-re</span> <span class='ocrx_word' id='word_1_30' title='bbox 317 678 449 742; x_wconf 85' lang='lat' dir='ltr'>metrica</span> <span class='ocrx_word' id='word_1_31' title='bbox 469 678 567 742; x_wconf 81' lang='lat' dir='ltr'>verba</span> <span class='ocrx_word' id='word_1_32' title='bbox 587 676 754 741; x_wconf 83' lang='lat' dir='ltr'>faciemus.</span> 
     </span>
    </p>

    <p class='ocr_par' dir='ltr' id='par_1_3' title="bbox 102 759 1130 3556">
     <span class='ocr_line' id='line_1_7' title="bbox 192 759 1073 846; baseline 0 -18"><span class='ocrx_word' id='word_1_33' title='bbox 192 766 240 828; x_wconf 88' lang='lat' dir='ltr'>Ac</span> <span class='ocrx_word' id='word_1_34' title='bbox 255 763 394 828; x_wconf 88' lang='lat' dir='ltr'>fontium</span> <span class='ocrx_word' id='word_1_35' title='bbox 408 761 552 846; x_wconf 88' lang='lat' dir='ltr'>quidem,</span> <span class='ocrx_word' id='word_1_36' title='bbox 570 783 609 826; x_wconf 86' lang='lat' dir='ltr'>ex</span> <span class='ocrx_word' id='word_1_37' title='bbox 624 761 741 846; x_wconf 89' lang='lat' dir='ltr'>quibus</span> <span class='ocrx_word' id='word_1_38' title='bbox 755 759 877 845; x_wconf 80' lang='lat' dir='ltr'><strong>hausit,</strong></span> <span class='ocrx_word' id='word_1_39' title='bbox 892 764 1073 828; x_wconf 90' lang='lat' dir='ltr'>uberrimus</span> 
     </span>
     <span class='ocr_line' id='line_1_8' title="bbox 107 845 1071 931; baseline 0 -19"><span class='ocrx_word' id='word_1_40' title='bbox 107 852 156 912; x_wconf 85' lang='lat' dir='ltr'>est</span> <span class='ocrx_word' id='word_1_41' title='bbox 170 847 302 913; x_wconf 87' lang='lat' dir='ltr'>Alcuini</span> <span class='ocrx_word' id='word_1_42' title='bbox 309 897 318 931; x_wconf 95' lang='lat'>,</span> <span class='ocrx_word' id='word_1_43' title='bbox 336 846 527 912; x_wconf 85' lang='lat' dir='ltr'>nobilissimi</span> <span class='ocrx_word' id='word_1_44' title='bbox 542 846 629 911; x_wconf 85' lang='lat' dir='ltr'>illius</span> <span class='ocrx_word' id='word_1_45' title='bbox 644 845 753 912; x_wconf 80' lang='lat' dir='ltr'>Caroli</span> <span class='ocrx_word' id='word_1_46' title='bbox 766 845 880 931; x_wconf 82' lang='lat' dir='ltr'>Magni</span> <span class='ocrx_word' id='word_1_47' title='bbox 895 848 1071 931; x_wconf 78' lang='lat' dir='ltr'>secretarii,</span> 
     </span>
     <span class='ocr_line' id='line_1_9' title="bbox 106 930 1072 1015; baseline 0 -19"><span class='ocrx_word' id='word_1_48' title='bbox 106 931 184 996; x_wconf 88' lang='lat' dir='ltr'>Vita</span> <span class='ocrx_word' id='word_1_49' title='bbox 195 931 404 997; x_wconf 86' lang='lat' dir='ltr'>Willibrordi.</span> <span class='ocrx_word' id='word_1_50' title='bbox 440 930 472 996; x_wconf 90' lang='lat' dir='ltr'>N</span> <span class='ocrx_word' id='word_1_51' title='bbox 475 953 528 995; x_wconf 89' lang='lat' dir='ltr'>am</span> <span class='ocrx_word' id='word_1_52' title='bbox 543 931 689 1015; x_wconf 86' lang='lat' dir='ltr'>quamvis</span> <span class='ocrx_word' id='word_1_53' title='bbox 704 930 757 997; x_wconf 90' lang='lat' dir='ltr'>hio</span> <span class='ocrx_word' id='word_1_54' title='bbox 771 935 882 996; x_wconf 90' lang='lat' dir='ltr'>noster</span> <span class='ocrx_word' id='word_1_55' title='bbox 896 932 1072 998; x_wconf 87' lang='lat' dir='ltr'>Alcuinum</span> 
     </span>
     <span class='ocr_line' id='line_1_10' title="bbox 105 1015 1073 1101; baseline -0.001 -20"><span class='ocrx_word' id='word_1_56' title='bbox 105 1016 318 1101; x_wconf 87' lang='lat' dir='ltr'>reprehendat</span> <span class='ocrx_word' id='word_1_57' title='bbox 333 1019 465 1101; x_wconf 89' lang='lat' dir='ltr'>propter</span> <span class='ocrx_word' id='word_1_58' title='bbox 479 1016 661 1100; x_wconf 76' lang='lat' dir='ltr'>neglectam</span> <span class='ocrx_word' id='word_1_59' title='bbox 677 1016 862 1100; x_wconf 76' lang='lat' dir='ltr'>saepissime</span> <span class='ocrx_word' id='word_1_60' title='bbox 877 1015 1073 1100; x_wconf 82' lang='lat' dir='ltr'>syllabarum</span> 
     </span>
     <span class='ocr_line' id='line_1_11' title="bbox 105 1098 1073 1247; baseline 0.001 -82"><span class='ocrx_word' id='word_1_61' title='bbox 105 1102 320 1185; x_wconf 79' lang='lat' dir='ltr'>quantitatem</span> <span class='ocrx_word' id='word_1_62' title='bbox 350 1100 422 1186; x_wconf 82' lang='lat'>(13</span> <span class='ocrx_word' id='word_1_63' title='bbox 445 1098 530 1247; x_wconf 64' lang='lat' dir='ltr'>qu.)</span> <span class='ocrx_word' id='word_1_64' title='bbox 559 1105 592 1163; x_wconf 88' lang='lat' dir='ltr'>et</span> <span class='ocrx_word' id='word_1_65' title='bbox 620 1099 706 1183; x_wconf 89' lang='lat' dir='ltr'>quod</span> <span class='ocrx_word' id='word_1_66' title='bbox 735 1122 773 1165; x_wconf 86' lang='lat' dir='ltr'>cx</span> <span class='ocrx_word' id='word_1_67' title='bbox 800 1100 891 1164; x_wconf 87' lang='lat' dir='ltr'>miris</span> <span class='ocrx_word' id='word_1_68' title='bbox 917 1100 1073 1184; x_wconf 90' lang='lat' dir='ltr'>miranda,</span> 
     </span>
     <span class='ocr_line' id='line_1_12' title="bbox 104 1184 1073 1270; baseline -0.001 -19"><span class='ocrx_word' id='word_1_69' title='bbox 104 1207 143 1250; x_wconf 88' lang='lat' dir='ltr'>ex</span> <span class='ocrx_word' id='word_1_70' title='bbox 157 1186 325 1270; x_wconf 82' lang='lat' dir='ltr'>stupendis</span> <span class='ocrx_word' id='word_1_71' title='bbox 341 1190 458 1268; x_wconf 86' lang='lat' dir='ltr'>stupen</span> <span class='ocrx_word' id='word_1_72' title='bbox 481 1205 501 1246; x_wconf 92' lang='lat' dir='ltr'>a</span> <span class='ocrx_word' id='word_1_73' title='bbox 514 1185 716 1266; x_wconf 87' lang='lat' dir='ltr'>praeterierit</span> <span class='ocrx_word' id='word_1_74' title='bbox 730 1184 791 1268; x_wconf 88' lang='lat' dir='ltr'>(III</span> <span class='ocrx_word' id='word_1_75' title='bbox 802 1184 844 1250; x_wconf 84' lang='lat'>23</span> <span class='ocrx_word' id='word_1_76' title='bbox 854 1189 947 1269; x_wconf 87' lang='lat' dir='ltr'>sqq.),</span> <span class='ocrx_word' id='word_1_77' title='bbox 963 1189 1073 1251; x_wconf 88' lang='lat' dir='ltr'>tamen</span> 
     </span>
     <span class='ocr_line' id='line_1_13' title="bbox 103 1268 1073 1355; baseline 0.001 -21"><span class='ocrx_word' id='word_1_78' title='bbox 103 1292 205 1354; x_wconf 91' lang='lat' dir='ltr'>usque</span> <span class='ocrx_word' id='word_1_79' title='bbox 228 1292 266 1335; x_wconf 91' lang='lat' dir='ltr'>ec</span> <span class='ocrx_word' id='word_1_80' title='bbox 289 1291 323 1334; x_wconf 88' lang='lat' dir='ltr'>se</span> <span class='ocrx_word' id='word_1_81' title='bbox 346 1268 522 1353; x_wconf 80' lang='lat' dir='ltr'>applicavit</span> <span class='ocrx_word' id='word_1_82' title='bbox 544 1268 584 1333; x_wconf 90' lang='lat' dir='ltr'>ad</span> <span class='ocrx_word' id='word_1_83' title='bbox 606 1269 674 1333; x_wconf 87' lang='lat' dir='ltr'>eius</span> <span class='ocrx_word' id='word_1_84' title='bbox 696 1292 790 1354; x_wconf 89' lang='lat' dir='ltr'>opus,</span> <span class='ocrx_word' id='word_1_85' title='bbox 819 1272 856 1334; x_wconf 92' lang='lat' dir='ltr'>ut</span> <span class='ocrx_word' id='word_1_86' title='bbox 883 1291 992 1335; x_wconf 90' lang='lat' dir='ltr'>rerum</span> <span class='ocrx_word' id='word_1_87' title='bbox 1018 1292 1073 1355; x_wconf 83' lang='lat' dir='ltr'>ge·</span> 
     </span>
     <span class='ocr_line' id='line_1_14' title="bbox 104 1352 1071 1440; baseline 0.002 -21"><span class='ocrx_word' id='word_1_88' title='bbox 104 1359 227 1419; x_wconf 86' lang='lat' dir='ltr'>starum</span> <span class='ocrx_word' id='word_1_89' title='bbox 243 1354 387 1419; x_wconf 91' lang='lat' dir='ltr'>ordinem</span> <span class='ocrx_word' id='word_1_90' title='bbox 402 1353 514 1418; x_wconf 90' lang='lat' dir='ltr'>abillo</span> <span class='ocrx_word' id='word_1_91' title='bbox 530 1352 710 1419; x_wconf 91' lang='lat' dir='ltr'>adhibitum</span> <span class='ocrx_word' id='word_1_92' title='bbox 724 1358 852 1420; x_wconf 86' lang='lat' dir='ltr'>tentum</span> <span class='ocrx_word' id='word_1_93' title='bbox 867 1377 935 1421; x_wconf 91' lang='lat' dir='ltr'>non</span> <span class='ocrx_word' id='word_1_94' title='bbox 951 1357 1071 1440; x_wconf 90' lang='lat' dir='ltr'>ubique</span> 
     </span>
     <span class='ocr_line' id='line_1_15' title="bbox 104 1437 1071 1524; baseline 0.002 -21"><span class='ocrx_word' id='word_1_95' title='bbox 104 1440 292 1504; x_wconf 87' lang='lat' dir='ltr'>servaverit.</span> <span class='ocrx_word' id='word_1_96' title='bbox 327 1437 446 1502; x_wconf 77' lang='lat' dir='ltr'>Etiam</span> <span class='ocrx_word' id='word_1_97' title='bbox 464 1438 499 1503; x_wconf 91' lang='lat' dir='ltr'>in</span> <span class='ocrx_word' id='word_1_98' title='bbox 522 1458 559 1502; x_wconf 96' lang='lat' dir='ltr'>eo</span> <span class='ocrx_word' id='word_1_99' title='bbox 582 1439 711 1504; x_wconf 88' lang='lat' dir='ltr'>Alcuini</span> <span class='ocrx_word' id='word_1_100' title='bbox 740 1439 922 1524; x_wconf 85' lang='lat' dir='ltr'>exemplum</span> <span class='ocrx_word' id='word_1_101' title='bbox 944 1446 1071 1505; x_wconf 86' lang='lat' dir='ltr'>secutus</span> 
     </span>
     <span class='ocr_line' id='line_1_16' title="bbox 104 1521 1070 1609; baseline 0 -20"><span class='ocrx_word' id='word_1_102' title='bbox 104 1527 168 1602; x_wconf 85' lang='lat' dir='ltr'>est,</span> <span class='ocrx_word' id='word_1_103' title='bbox 206 1522 291 1608; x_wconf 91' lang='lat' dir='ltr'>quod</span> <span class='ocrx_word' id='word_1_104' title='bbox 319 1522 478 1607; x_wconf 81' lang='lat' dir='ltr'>duplicem</span> <span class='ocrx_word' id='word_1_105' title='bbox 506 1521 619 1589; x_wconf 88' lang='lat' dir='ltr'>Vitam</span> <span class='ocrx_word' id='word_1_106' title='bbox 650 1522 862 1590; x_wconf 85' lang='lat' dir='ltr'>Willibrordi</span> <span class='ocrx_word' id='word_1_107' title='bbox 882 1526 1070 1609; x_wconf 90' lang='lat' dir='ltr'>composuit,</span> 
     </span>
     <span class='ocr_line' id='line_1_17' title="bbox 104 1607 1071 1692; baseline 0.002 -20"><span class='ocrx_word' id='word_1_108' title='bbox 104 1607 367 1673; x_wconf 84' lang='lat' dir='ltr'>alteram-soluta</span> <span class='ocrx_word' id='word_1_109' title='bbox 393 1609 554 1692; x_wconf 89' lang='lat' dir='ltr'>oratione,</span> <span class='ocrx_word' id='word_1_110' title='bbox 589 1608 724 1673; x_wconf 90' lang='lat' dir='ltr'>alteram</span> <span class='ocrx_word' id='word_1_111' title='bbox 757 1610 902 1676; x_wconf 81' lang='lat' dir='ltr'>versibus</span> <span class='ocrx_word' id='word_1_112' title='bbox 934 1609 1071 1674; x_wconf 89' lang='lat' dir='ltr'>heroicis</span> 
     </span>
     <span class='ocr_line' id='line_1_18' title="bbox 105 1692 1071 1777; baseline -0.001 -19"><span class='ocrx_word' id='word_1_113' title='bbox 105 1693 327 1775; x_wconf 89' lang='lat' dir='ltr'>conscriptam.</span> <span class='ocrx_word' id='word_1_114' title='bbox 351 1692 484 1758; x_wconf 86' lang='lat' dir='ltr'>Praeter</span> <span class='ocrx_word' id='word_1_115' title='bbox 495 1692 626 1757; x_wconf 90' lang='lat' dir='ltr'>Alcuini</span> <span class='ocrx_word' id='word_1_116' title='bbox 638 1697 744 1757; x_wconf 89' lang='lat' dir='ltr'>autem</span> <span class='ocrx_word' id='word_1_117' title='bbox 758 1693 868 1758; x_wconf 88' lang='lat' dir='ltr'>Vitam</span> <span class='ocrx_word' id='word_1_118' title='bbox 880 1695 976 1758; x_wconf 90' lang='lat' dir='ltr'>etiam</span> <span class='ocrx_word' id='word_1_119' title='bbox 992 1694 1071 1777; x_wconf 85' lang='lat' dir='ltr'>eius,</span> 
     </span>
     <span class='ocr_line' id='line_1_19' title="bbox 104 1776 1071 1861; baseline 0.001 -20"><span class='ocrx_word' id='word_1_120' title='bbox 104 1778 159 1861; x_wconf 90' lang='lat' dir='ltr'>qui</span> <span class='ocrx_word' id='word_1_121' title='bbox 181 1780 256 1842; x_wconf 90' lang='lat' dir='ltr'>ante</span> <span class='ocrx_word' id='word_1_122' title='bbox 278 1777 371 1842; x_wconf 88' lang='lat' dir='ltr'>illum</span> <span class='ocrx_word' id='word_1_123' title='bbox 390 1776 500 1841; x_wconf 88' lang='lat' dir='ltr'>Vitam</span> <span class='ocrx_word' id='word_1_124' title='bbox 529 1776 733 1841; x_wconf 90' lang='lat' dir='ltr'>Willibrordi</span> <span class='ocrx_word' id='word_1_125' title='bbox 758 1783 977 1861; x_wconf 85' lang='lat' dir='ltr'>composuerat</span> <span class='ocrx_word' id='word_1_126' title='bbox 997 1777 1071 1842; x_wconf 88' lang='lat' dir='ltr'>stilo</span> 
     </span>
     <span class='ocr_line' id='line_1_20' title="bbox 104 1861 1071 1942; baseline 0.002 -17"><span class='ocrx_word' id='word_1_127' title='bbox 104 1861 254 1927; x_wconf 86' lang='lat' dir='ltr'>videlicet</span> <span class='ocrx_word' id='word_1_128' title='bbox 273 1861 356 1941; x_wconf 89' lang='lat' dir='ltr'>rudi,</span> <span class='ocrx_word' id='word_1_129' title='bbox 371 1861 522 1927; x_wconf 89' lang='lat' dir='ltr'>monachi</span> <span class='ocrx_word' id='word_1_130' title='bbox 539 1861 702 1926; x_wconf 90' lang='lat' dir='ltr'>cuiusdam</span> <span class='ocrx_word' id='word_1_131' title='bbox 720 1862 852 1927; x_wconf 88' lang='lat' dir='ltr'>natione</span> <span class='ocrx_word' id='word_1_132' title='bbox 868 1861 967 1942; x_wconf 85' lang='lat' dir='ltr'>Secti,</span> <span class='ocrx_word' id='word_1_133' title='bbox 982 1884 1071 1928; x_wconf 91' lang='lat' dir='ltr'>men·</span> 
     </span>
     <span class='ocr_line' id='line_1_21' title="bbox 102 1945 1071 2031; baseline 0.001 -20"><span class='ocrx_word' id='word_1_134' title='bbox 102 1947 226 2012; x_wconf 90' lang='lat' dir='ltr'>tionem</span> <span class='ocrx_word' id='word_1_135' title='bbox 253 1945 332 2011; x_wconf 89' lang='lat' dir='ltr'>facit</span> <span class='ocrx_word' id='word_1_136' title='bbox 355 1945 508 2029; x_wconf 78' lang='lat'>(11121),</span> <span class='ocrx_word' id='word_1_137' title='bbox 534 1945 787 2031; x_wconf 88' lang='lat' dir='ltr'>Weilandusque</span> <span class='ocrx_word' id='word_1_138' title='bbox 810 1947 865 2028; x_wconf 81' lang='grc' dir='ltr'>(Μ.</span> <span class='ocrx_word' id='word_1_139' title='bbox 892 1947 930 2013; x_wconf 76' lang='lat' dir='ltr'>G.</span> <span class='ocrx_word' id='word_1_140' title='bbox 957 1947 1071 2013; x_wconf 86' lang='lat' dir='ltr'>XXIII</span> 
     </span>
     <span class='ocr_line' id='line_1_22' title="bbox 103 2030 1070 2118; baseline 0.002 -24"><span class='ocrx_word' id='word_1_141' title='bbox 103 2052 135 2114; x_wconf 93' lang='lat' dir='ltr'>p.</span> <span class='ocrx_word' id='word_1_142' title='bbox 163 2031 215 2117; x_wconf 87' lang='lat'>13)</span> <span class='ocrx_word' id='word_1_143' title='bbox 237 2053 275 2094; x_wconf 84' lang='lat' dir='ltr'>ex</span> <span class='ocrx_word' id='word_1_144' title='bbox 297 2032 402 2115; x_wconf 84' lang='lat' dir='ltr'>parcis</span> <span class='ocrx_word' id='word_1_145' title='bbox 418 2031 609 2115; x_wconf 89' lang='lat' dir='ltr'>quibusdam</span> <span class='ocrx_word' id='word_1_146' title='bbox 631 2030 858 2097; x_wconf 84' lang='lat' dir='ltr'>additamentis</span> <span class='ocrx_word' id='word_1_147' title='bbox 872 2031 981 2118; x_wconf 86' lang='lat' dir='ltr'>(Vitae</span> <span class='ocrx_word' id='word_1_148' title='bbox 996 2054 1070 2116; x_wconf 91' lang='lat' dir='ltr'>pro·</span> 
     </span>
     <span class='ocr_line' id='line_1_23' title="bbox 104 2115 1071 2266; baseline 0 -86"><span class='ocrx_word' id='word_1_149' title='bbox 104 2115 222 2263; x_wconf 54' lang='lat' dir='ltr'>spicae)</span> <span class='ocrx_word' id='word_1_150' title='bbox 249 2115 514 2215; x_wconf 26' lang='lat' dir='ltr'>concludiulicere</span> <span class='ocrx_word' id='word_1_151' title='bbox 525 2121 647 2266; x_wconf 62' lang='lat' dir='ltr'>&#39;idrbsed</span> <span class='ocrx_word' id='word_1_152' title='bbox 665 2116 835 2264; x_wconf 60' lang='lat' dir='ltr'>‘Thiofriiio</span> <span class='ocrx_word' id='word_1_153' title='bbox 849 2122 852 2130; x_wconf 82' lang='grc'>’</span> <span class='ocrx_word' id='word_1_154' title='bbox 864 2116 1071 2264; x_wconf 70' lang='lat' dir='ltr'>etiamdScpti</span> 
     </span>
     <span class='ocr_line' id='line_1_24' title="bbox 103 2221 1071 2266; baseline 0.001 -3"><span class='ocrx_word' id='word_1_155' title='bbox 103 2221 189 2263; x_wconf 88' lang='lat' dir='ltr'>11us</span> <span class='ocrx_word' id='word_1_156' title='bbox 212 2222 231 2265; x_wconf 94' lang='grc' dir='ltr'>ο</span> <span class='ocrx_word' id='word_1_157' title='bbox 255 2222 292 2265; x_wconf 88' lang='lat' dir='ltr'>us</span> <span class='ocrx_word' id='word_1_158' title='bbox 313 2222 381 2266; x_wconf 91' lang='lat' dir='ltr'>non</span> <span class='ocrx_word' id='word_1_159' title='bbox 403 2223 456 2266; x_wconf 88' lang='lat' dir='ltr'>mc</span> <span class='ocrx_word' id='word_1_160' title='bbox 499 2223 533 2264; x_wconf 91' lang='grc' dir='ltr'>ιιι</span> <span class='ocrx_word' id='word_1_161' title='bbox 640 2221 735 2265; x_wconf 88' lang='lat' dir='ltr'>ursse.</span> <span class='ocrx_word' id='word_1_162' title='bbox 814 2223 864 2265; x_wconf 90' lang='lat' dir='ltr'>em</span> <span class='ocrx_word' id='word_1_163' title='bbox 886 2223 937 2265; x_wconf 86' lang='lat' dir='ltr'>vrr</span> <span class='ocrx_word' id='word_1_164' title='bbox 979 2222 1071 2265; x_wconf 85' lang='lat' dir='ltr'>ocus</span> 
     </span>
     <span class='ocr_line' id='line_1_25' title="bbox 104 2221 1071 2350; baseline -0.001 -2"><span class='ocrx_word' id='word_1_165' title='bbox 104 2283 199 2349; x_wconf 92' lang='lat' dir='ltr'>dccet</span> <span class='ocrx_word' id='word_1_166' title='bbox 224 2223 297 2349; x_wconf 73' lang='lat' dir='ltr'>diam</span> <span class='ocrx_word' id='word_1_167' title='bbox 331 2287 425 2350; x_wconf 90' lang='lat' dir='ltr'>etiam</span> <span class='ocrx_word' id='word_1_168' title='bbox 456 2221 561 2350; x_wconf 60' lang='lat' dir='ltr'>bidae</span> <span class='ocrx_word' id='word_1_169' title='bbox 588 2284 814 2349; x_wconf 81' lang='lat' dir='ltr'>Ecclesiastica</span> <span class='ocrx_word' id='word_1_170' title='bbox 842 2284 976 2349; x_wconf 88' lang='lat' dir='ltr'>historia</span> <span class='ocrx_word' id='word_1_171' title='bbox 1005 2286 1071 2347; x_wconf 87' lang='lat' dir='ltr'>An·</span> 
     </span>
     <span class='ocr_line' id='line_1_26' title="bbox 103 2367 1071 2455; baseline 0 -23"><span class='ocrx_word' id='word_1_172' title='bbox 103 2370 231 2455; x_wconf 81' lang='lat' dir='ltr'>glcmm</span> <span class='ocrx_word' id='word_1_173' title='bbox 253 2391 346 2434; x_wconf 85' lang='lat' dir='ltr'>usum</span> <span class='ocrx_word' id='word_1_174' title='bbox 368 2391 437 2433; x_wconf 89' lang='lat' dir='ltr'>esse</span> <span class='ocrx_word' id='word_1_175' title='bbox 459 2370 546 2433; x_wconf 87' lang='lat' dir='ltr'>etin</span> <span class='ocrx_word' id='word_1_176' title='bbox 570 2371 631 2452; x_wconf 89' lang='lat' dir='ltr'>eis,</span> <span class='ocrx_word' id='word_1_177' title='bbox 655 2390 736 2452; x_wconf 90' lang='lat' dir='ltr'>quae</span> <span class='ocrx_word' id='word_1_178' title='bbox 759 2389 827 2452; x_wconf 90' lang='lat' dir='ltr'>cap.</span> <span class='ocrx_word' id='word_1_179' title='bbox 852 2367 952 2432; x_wconf 90' lang='lat' dir='ltr'>XXII</span> <span class='ocrx_word' id='word_1_180' title='bbox 975 2367 1071 2433; x_wconf 85' lang='lat' dir='ltr'>Vitae</span> 
     </span>
     <span class='ocr_line' id='line_1_27' title="bbox 103 2451 1071 2539; baseline 0 -22"><span class='ocrx_word' id='word_1_181' title='bbox 103 2475 188 2538; x_wconf 86' lang='lat' dir='ltr'>pros.</span> <span class='ocrx_word' id='word_1_182' title='bbox 212 2454 250 2516; x_wconf 87' lang='lat' dir='ltr'>de</span> <span class='ocrx_word' id='word_1_183' title='bbox 266 2453 397 2538; x_wconf 90' lang='lat' dir='ltr'>Pippini</span> <span class='ocrx_word' id='word_1_184' title='bbox 419 2455 519 2539; x_wconf 83' lang='lat' dir='ltr'>gestis</span> <span class='ocrx_word' id='word_1_185' title='bbox 541 2457 722 2537; x_wconf 87' lang='lat' dir='ltr'>narrentur,</span> <span class='ocrx_word' id='word_1_186' title='bbox 743 2451 923 2538; x_wconf 86' lang='lat' dir='ltr'>Regincnis</span> <span class='ocrx_word' id='word_1_187' title='bbox 946 2452 1071 2519; x_wconf 90' lang='lat' dir='ltr'>chroni-</span> 
     </span>
     <span class='ocr_line' id='line_1_28' title="bbox 103 2537 1070 2623; baseline -0.002 -19"><span class='ocrx_word' id='word_1_188' title='bbox 103 2560 181 2620; x_wconf 88' lang='lat' dir='ltr'>con,</span> <span class='ocrx_word' id='word_1_189' title='bbox 213 2559 309 2622; x_wconf 86' lang='lat' dir='ltr'>pcrro</span> <span class='ocrx_word' id='word_1_190' title='bbox 342 2560 409 2623; x_wconf 90' lang='lat' dir='ltr'>cap.</span> <span class='ocrx_word' id='word_1_191' title='bbox 443 2537 553 2603; x_wconf 93' lang='lat' dir='ltr'>XXIII</span> <span class='ocrx_word' id='word_1_192' title='bbox 582 2537 691 2604; x_wconf 87' lang='lat' dir='ltr'>Vitam</span> <span class='ocrx_word' id='word_1_193' title='bbox 730 2539 834 2604; x_wconf 87' lang='lat' dir='ltr'>sancti</span> <span class='ocrx_word' id='word_1_194' title='bbox 866 2539 1025 2605; x_wconf 89' lang='lat' dir='ltr'>Bonifatii</span> <span class='ocrx_word' id='word_1_195' title='bbox 1051 2562 1070 2602; x_wconf 90' lang='lat' dir='ltr'>a</span> 
     </span>
     <span class='ocr_line' id='line_1_29' title="bbox 104 2622 1069 2710; baseline 0 -23"><span class='ocrx_word' id='word_1_196' title='bbox 104 2622 317 2705; x_wconf 91' lang='lat' dir='ltr'>Willebaldo,</span> <span class='ocrx_word' id='word_1_197' title='bbox 346 2645 414 2707; x_wconf 90' lang='lat' dir='ltr'>cap.</span> <span class='ocrx_word' id='word_1_198' title='bbox 444 2623 553 2687; x_wconf 92' lang='lat' dir='ltr'>XXIX</span> <span class='ocrx_word' id='word_1_199' title='bbox 578 2622 688 2709; x_wconf 90' lang='lat' dir='ltr'>(Vitae</span> <span class='ocrx_word' id='word_1_200' title='bbox 710 2623 810 2710; x_wconf 88' lang='lat' dir='ltr'>pros.)</span> <span class='ocrx_word' id='word_1_201' title='bbox 832 2623 943 2688; x_wconf 85' lang='lat' dir='ltr'>Vitam</span> <span class='ocrx_word' id='word_1_202' title='bbox 964 2624 1069 2688; x_wconf 89' lang='lat' dir='ltr'>sancti</span> 
     </span>
     <span class='ocr_line' id='line_1_30' title="bbox 103 2706 1070 2792; baseline 0.002 -21"><span class='ocrx_word' id='word_1_203' title='bbox 103 2706 283 2772; x_wconf 90' lang='lat' dir='ltr'>Willehadi</span> <span class='ocrx_word' id='word_1_204' title='bbox 300 2708 340 2772; x_wconf 94' lang='lat' dir='ltr'>ab</span> <span class='ocrx_word' id='word_1_205' title='bbox 356 2708 517 2772; x_wconf 85' lang='lat' dir='ltr'>Anskaric</span> <span class='ocrx_word' id='word_1_206' title='bbox 536 2708 689 2792; x_wconf 87' lang='lat' dir='ltr'>scriptam</span> <span class='ocrx_word' id='word_1_207' title='bbox 712 2713 745 2772; x_wconf 90' lang='lat' dir='ltr'>et</span> <span class='ocrx_word' id='word_1_208' title='bbox 767 2729 836 2792; x_wconf 89' lang='lat' dir='ltr'>cap.</span> <span class='ocrx_word' id='word_1_209' title='bbox 851 2707 945 2773; x_wconf 90' lang='lat' dir='ltr'>XXX</span> <span class='ocrx_word' id='word_1_210' title='bbox 960 2708 1070 2774; x_wconf 86' lang='lat' dir='ltr'>Vitam</span> 
     </span>
     <span class='ocr_line' id='line_1_31' title="bbox 104 2791 1070 2879; baseline 0 -24"><span class='ocrx_word' id='word_1_211' title='bbox 104 2791 266 2876; x_wconf 91' lang='lat' dir='ltr'>quandam</span> <span class='ocrx_word' id='word_1_212' title='bbox 288 2797 416 2857; x_wconf 87' lang='lat' dir='ltr'>sanctae</span> <span class='ocrx_word' id='word_1_213' title='bbox 432 2792 644 2879; x_wconf 83' lang='lat' dir='ltr'>Amalbergae</span> <span class='ocrx_word' id='word_1_214' title='bbox 666 2792 706 2856; x_wconf 88' lang='lat' dir='ltr'>ad</span> <span class='ocrx_word' id='word_1_215' title='bbox 722 2815 774 2857; x_wconf 91' lang='lat' dir='ltr'>am</span> <span class='ocrx_word' id='word_1_216' title='bbox 797 2793 940 2858; x_wconf 89' lang='lat' dir='ltr'>liandam</span> <span class='ocrx_word' id='word_1_217' title='bbox 960 2814 1070 2856; x_wconf 87' lang='lat' dir='ltr'>narra·</span> 
     </span>
     <span class='ocr_line' id='line_1_32' title="bbox 102 2815 1071 2964; baseline 0 -25"><span class='ocrx_word' id='word_1_218' title='bbox 102 2880 225 2940; x_wconf 90' lang='lat' dir='ltr'>tionem</span> <span class='ocrx_word' id='word_1_219' title='bbox 259 2876 459 2960; x_wconf 89' lang='lat' dir='ltr'>adhibuisse,</span> <span class='ocrx_word' id='word_1_220' title='bbox 493 2898 561 2962; x_wconf 90' lang='lat' dir='ltr'>cap.</span> <span class='ocrx_word' id='word_1_221' title='bbox 592 2883 699 2942; x_wconf 88' lang='lat' dir='ltr'>autem</span> <span class='ocrx_word' id='word_1_222' title='bbox 732 2815 795 2942; x_wconf 72' lang='lat' dir='ltr'>XII</span> <span class='ocrx_word' id='word_1_223' title='bbox 827 2876 937 2963; x_wconf 88' lang='lat' dir='ltr'>(Vitae</span> <span class='ocrx_word' id='word_1_224' title='bbox 970 2877 1071 2964; x_wconf 87' lang='lat' dir='ltr'>pros.)</span> 
     </span>
     <span class='ocr_line' id='line_1_33' title="bbox 105 2949 1069 3048; baseline 0 -22"><span class='ocrx_word' id='word_1_225' title='bbox 105 2949 246 3026; x_wconf 91' lang='lat' dir='ltr'>codicem</span> <span class='ocrx_word' id='word_1_226' title='bbox 262 2962 429 3048; x_wconf 87' lang='lat' dir='ltr'>antiquum</span> <span class='ocrx_word' id='word_1_227' title='bbox 444 2961 657 3028; x_wconf 84' lang='lat' dir='ltr'>traditionum</span> <span class='ocrx_word' id='word_1_228' title='bbox 672 2963 857 3026; x_wconf 86' lang='lat' dir='ltr'>excussisse.</span> <span class='ocrx_word' id='word_1_229' title='bbox 892 2960 930 3026; x_wconf 91' lang='lat' dir='ltr'>In</span> <span class='ocrx_word' id='word_1_230' title='bbox 946 2961 1069 3026; x_wconf 85' lang='lat' dir='ltr'>ultimis</span> 
     </span>
     <span class='ocr_line' id='line_1_34' title="bbox 103 3044 1068 3134; baseline 0.002 -24"><span class='ocrx_word' id='word_1_231' title='bbox 103 3048 212 3110; x_wconf 89' lang='lat' dir='ltr'>autem</span> <span class='ocrx_word' id='word_1_232' title='bbox 234 3048 394 3130; x_wconf 78' lang='lat' dir='ltr'>capitibus</span> <span class='ocrx_word' id='word_1_233' title='bbox 416 3045 738 3134; x_wconf 90' lang='lat' dir='ltr'>(XXXI—XXXVI)</span> <span class='ocrx_word' id='word_1_234' title='bbox 771 3045 875 3111; x_wconf 89' lang='lat' dir='ltr'>eidem</span> <span class='ocrx_word' id='word_1_235' title='bbox 897 3044 1068 3112; x_wconf 87' lang='lat' dir='ltr'>Weilando</span> 
     </span>
     <span class='ocr_line' id='line_1_35' title="bbox 103 3129 1068 3215; baseline 0.001 -21"><span class='ocrx_word' id='word_1_236' title='bbox 103 3129 229 3194; x_wconf 80' lang='lat' dir='ltr'>videtur</span> <span class='ocrx_word' id='word_1_237' title='bbox 251 3152 305 3215; x_wconf 90' lang='lat' dir='ltr'>ea,</span> <span class='ocrx_word' id='word_1_238' title='bbox 328 3152 410 3215; x_wconf 88' lang='lat' dir='ltr'>quae</span> <span class='ocrx_word' id='word_1_239' title='bbox 424 3132 459 3194; x_wconf 91' lang='lat' dir='ltr'>in</span> <span class='ocrx_word' id='word_1_240' title='bbox 475 3132 668 3196; x_wconf 89' lang='lat' dir='ltr'>monasterio</span> <span class='ocrx_word' id='word_1_241' title='bbox 683 3131 813 3215; x_wconf 87' lang='lat' dir='ltr'>scriptis</span> <span class='ocrx_word' id='word_1_242' title='bbox 829 3133 880 3196; x_wconf 86' lang='lat' dir='ltr'>vel</span> <span class='ocrx_word' id='word_1_243' title='bbox 896 3131 1068 3196; x_wconf 88' lang='lat' dir='ltr'>traditione</span> 
     </span>
     <span class='ocr_line' id='line_1_36' title="bbox 102 3216 1071 3301; baseline 0.001 -22"><span class='ocrx_word' id='word_1_244' title='bbox 102 3216 276 3280; x_wconf 89' lang='lat' dir='ltr'>memoriae</span> <span class='ocrx_word' id='word_1_245' title='bbox 298 3216 573 3281; x_wconf 88' lang='lat' dir='ltr'>conservabantur</span> <span class='ocrx_word' id='word_1_246' title='bbox 594 3236 676 3299; x_wconf 89' lang='lat' dir='ltr'>quae</span> <span class='ocrx_word' id='word_1_247' title='bbox 699 3237 739 3280; x_wconf 91' lang='lat' dir='ltr'>ue</span> <span class='ocrx_word' id='word_1_248' title='bbox 761 3217 829 3301; x_wconf 88' lang='lat' dir='ltr'>ipse</span> <span class='ocrx_word' id='word_1_249' title='bbox 841 3216 931 3296; x_wconf 88' lang='lat' dir='ltr'>vidit,</span> <span class='ocrx_word' id='word_1_250' title='bbox 946 3216 1071 3280; x_wconf 89' lang='lat' dir='ltr'>audivit</span> 
     </span>
     <span class='ocr_line' id='line_1_37' title="bbox 102 3299 1071 3382; baseline -0.003 -17"><span class='ocrx_word' id='word_1_251' title='bbox 102 3300 155 3365; x_wconf 83' lang='lat' dir='ltr'>vel</span> <span class='ocrx_word' id='word_1_252' title='bbox 178 3322 195 3364; x_wconf 91' lang='lat' dir='ltr'>e</span> <span class='ocrx_word' id='word_1_253' title='bbox 221 3300 262 3382; x_wconf 81' lang='lat' dir='ltr'>t,</span> <span class='ocrx_word' id='word_1_254' title='bbox 282 3300 399 3365; x_wconf 89' lang='lat' dir='ltr'>litteris</span> <span class='ocrx_word' id='word_1_255' title='bbox 421 3300 631 3365; x_wconf 86' lang='lat' dir='ltr'>mandavisse.</span> <span class='ocrx_word' id='word_1_256' title='bbox 701 3304 832 3366; x_wconf 84' lang='lat' dir='ltr'>actenus</span> <span class='ocrx_word' id='word_1_257' title='bbox 854 3302 893 3366; x_wconf 93' lang='lat' dir='ltr'>de</span> <span class='ocrx_word' id='word_1_258' title='bbox 915 3299 1071 3366; x_wconf 79' lang='lat' dir='ltr'>fontibus.</span> 
     </span>
     <span class='ocr_line' id='line_1_38' title="bbox 102 3381 1110 3470; baseline -0.018 -20"><span class='ocrx_word' id='word_1_259' title='bbox 102 3392 106 3400; x_wconf 89' lang='lat'>&#39;</span> <span class='ocrx_word' id='word_1_260' title='bbox 220 3407 237 3450; x_wconf 91' lang='lat' dir='ltr'>e</span> <span class='ocrx_word' id='word_1_261' title='bbox 267 3385 428 3450; x_wconf 83' lang='lat' dir='ltr'>Thiofridi</span> <span class='ocrx_word' id='word_1_262' title='bbox 456 3390 564 3451; x_wconf 88' lang='lat' dir='ltr'>a&#39;utem</span> <span class='ocrx_word' id='word_1_263' title='bbox 592 3405 711 3470; x_wconf 84' lang='lat' dir='ltr'>genere</span> <span class='ocrx_word' id='word_1_264' title='bbox 738 3385 877 3451; x_wconf 70' lang='lat' dir='ltr'>dicendi</span> <span class='ocrx_word' id='word_1_265' title='bbox 900 3381 1110 3462; x_wconf 42' lang='lat' dir='ltr'>disputamus</span> 
     </span>
     <span class='ocr_line' id='line_1_39' title="bbox 102 3455 1130 3556; baseline 0.008 -22"><span class='ocrx_word' id='word_1_266' title='bbox 102 3472 250 3556; x_wconf 88' lang='lat' dir='ltr'>quamvis</span> <span class='ocrx_word' id='word_1_267' title='bbox 277 3469 544 3556; x_wconf 83' lang='lat' dir='ltr'>distinguendum</span> <span class='ocrx_word' id='word_1_268' title='bbox 573 3469 618 3539; x_wconf 85' lang='lat' dir='ltr'>sit</span> <span class='ocrx_word' id='word_1_269' title='bbox 638 3469 732 3538; x_wconf 84' lang='lat' dir='ltr'>inter</span> <span class='ocrx_word' id='word_1_270' title='bbox 767 3491 829 3554; x_wconf 86' lang='lat' dir='ltr'>ea,</span> <span class='ocrx_word' id='word_1_271' title='bbox 851 3486 946 3549; x_wconf 55' lang='lat' dir='ltr'>uuna</span> <span class='ocrx_word' id='word_1_272' title='bbox 963 3455 1130 3541; x_wconf 44' lang='lat' dir='ltr'>emm</span> 
     </span>
    </p>
   </div>
   <div class='ocr_carea' id='block_1_3' title="bbox 0 0 1190 3810">
    <p class='ocr_par' dir='ltr' id='par_1_4' title="bbox 0 0 1190 3810">
     <span class='ocr_line' id='line_1_40' title="bbox 0 0 1190 3810; baseline 0 1"><span class='ocrx_word' id='word_1_273' title='bbox 0 0 1190 3810; x_wconf 95' lang='lat' dir='ltr'> </span> 
     </span>
    </p>
   </div>
  </div>
 </body>
</html>
