2370 3810
222 169 312 226 virs
330 170 578 228 WILLIBRORDI
594 171 766 229 Murmur.
800 173 868 229 LIB.
885 174 934 235 IV.
1011 177 1054 244 65

85 321 139 406 nt,
164 343 223 388 eeu
244 327 447 408 praesentem
470 323 691 389 Wilbrordum
713 347 806 391 earne
829 327 962 411 videret,

85 406 141 473 Sia
163 407 231 473 eins
253 407 353 473 fidum
374 409 508 494 stipavit
528 409 651 475 honore
672 411 863 476 ministrum.

28 513 71 560 aaa
85 490 148 558 use
169 513 242 558 oum
263 493 390 577 privata
402 516 473 641 (lm
495 494 623 578 publiea
645 495 861 561 consolidata:

84 577 148 660 Ira,
170 577 358 662 simuliates‚
381 599 400 642 o
422 579 446 642 ii
469 600 591 644 cessere
612 578 747 660 furores,

86 660 189 746 Copia
210 662 249 726 de
271 661 369 746 pleno
392 684 492 728 cornu
513 662 624 749 fruges
646 664 734 729 dedit
756 685 859 731 anno:

88 746 289 812 Exercentur
310 747 356 810 ibi
379 747 537 831 convivia,
562 749 699 829 cantica,
721 750 799 815 ludi.

86 830 216 896 Phoebe
238 852 311 895 oum
356 831 442 897 osuit
462 832 513 896 bis
535 833 679 898 flammas
701 833 812 919 bisque
835 835 965 919 recepit,

32 943 74 986 aso
87 915 285 1000 Compositis
307 854 403 981 reims
425 919 580 981 remeavit
601 939 700 982 ovans
721 917 937 1002 hegumenum

87 999 139 1064 Ad
161 1000 299 1065 reditum
321 1001 462 1100 pendere
484 1023 576 1075 suum
598 1002 660 1069 soit
673 1003 777 1075 ,eorda
799 1024 937 1082 suorum,

86 1084 148 1150 use
170 1085 210 1150 ab
233 1085 278 1150 eis
300 1085 407 1170 drgnis
430 1090 598 1170 susceptus
620 1086 795 1171 plausibus,
817 1087 955 1170 hymnis,

86 1168 150 1234 Sed
172 1169 247 1254 quia
267 1170 445 1255 navifragis
467 1169 565 1235 Nerei
587 1192 655 1235 sum
679 1171 782 1236 fessus
805 1172 840 1236 in
862 1171 965 1254 undis,

86 1253 178 1321 Udus
201 1253 326 1339 suspiro
348 1255 487 1341 delonge
508 1255 603 1321 litore
625 1255 703 1339 riso,

18 1360 74 1407 'aso
87 1339 222 1404 Allabor
242 1338 342 1404 tasilo
385 1339 646 1425 ropleriaslidia
667 1341 770 1426 signo,

87 1423 191 1509 Signo
214 1362 394 1489 Wilbrorii
414 1428 507 1510 gesto
530 1426 649 1490 virtute
671 1426 805 1510 potenti.

87 1509 150 1575 list
169 1509 214 1573 ibi
237 1510 442 1574 commissum
464 1531 561 1594 grave
583 1532 641 1594 per
661 1511 726 1575 tria
746 1511 879 1576 nomina
899 1510 1029 1592 furtum,

88 1593 261 1660 Palliolum
283 1595 418 1678 rapitur,
442 1615 518 1662 orux
540 1598 675 1679 argento
698 1594 864 1678 spoliatur,
972 1604 1052 1664 fiel*

90 1677 153 1744 Sed
175 1699 243 1743 non
264 1679 398 1744 eonflari
419 1680 526 1763 poluit
547 1678 677 1744 fornace
699 1679 750 1743 vel
772 1679 853 1762 igni,

34 1787 76 1830 aas
90 1763 129 1828 In
150 1767 258 1848 partes
280 1768 402 1829 seclum
423 1762 550 1847 pondus
571 1785 640 1828 non
663 1763 802 1846 explieat
822 1783 968 1846 aequum,

88 1847 168 1914 Pars
190 1869 249 1914 sua
270 1847 385 1932 cuique
408 1848 524 1932 minor,
546 1847 636 1913 litem
658 1848 745 1931 parit
766 1847 868 1913 altera
889 1848 1008 1932 maior3

176 1955 237 1998 ura
257 1953 324 1997 non
345 1932 454 2017 frangi
475 1932 637 2014 manibus,
659 1953 727 1997 non
748 1954 824 1998 ense
847 1935 957 2017 secari,

115 1955 214 2084 tlilice
235 2039 303 2083 non
325 2017 439 2098 scindi,
461 2018 552 2082 nulla
573 2017 660 2083 valea
681 2021 750 2084 arie
769 2018 890 2083 moseri.

87 1932 115 1998 P

87 2017 135 2083 ro

88 2101 159 2168 Hoe
179 2103 405 2187 praetermisso
427 2102 486 2167 sub
507 2106 603 2187 portu
626 2103 758 2168 eanbasa
778 2104 901 2187 linquo,

34 2209 75 2252 eso
88 2187 193 2253 Tanta
213 2191 323 2254 lamen
344 2191 469 2253 restant
490 2191 522 2251 et
542 2187 759 2253 famosissima
775 2190 941 2268 oonstant,

88 2271 182 2338 Vatis
204 2269 372 2356 Smyrnaei
394 2292 477 2356 quae
498 2293 590 2336 mens
612 2272 640 2335 si
660 2275 771 2336 nosset
791 2270 935 2348 Homeri,

88 2356 152 2423 Vix
175 2361 314 2439 caneret,
337 2357 414 2422 lieet
436 2355 560 2421 Iliaden
582 2358 616 2420 et
636 2353 780 2438 Odyssea
802 2357 930 2419 tractet.

155 2531 206 2583 333
232 2527 391 2596 presentem
413 2525 472 2582 GT
549 2529 600 2580 344
622 2523 736 2579 Phaebe
760 2523 787 2581 G
811 2523 908 2579 Phebe
931 2524 956 2578 Τ
988 2539 1053 2579 oum

87 2592 193 2666 posuit]
215 2592 371 2663 oomposuit
389 2591 416 2646 T
475 2599 525 2649 345
543 2609 699 2663 ygumenus
719 2591 779 2648 GT
837 2597 887 2647 343
898 2592 991 2662 ymnis
1003 2593 1057 2648 GT

87 2666 138 2717 343
161 2662 196 2718 de
218 2661 302 2732 longe
323 2661 420 2717 littore
445 2660 503 2715 GT
574 2665 624 2716 355
647 2661 797 2729 equumT
875 2666 925 2715 353
963 2661 1052 2714 relar-

88 2729 173 2784 misso
199 2729 258 2786 GT
330 2733 379 2784 351
403 2727 532 2798 Smyrnei
556 2728 615 2783 GT
685 2733 735 2783 352
757 2727 928 2783 YliadenG
987 2731 1052 2795 port

86 2812 111 2856 o.
131 2802 181 2853 353
198 2795 323 2868 Explicit
339 2796 413 2852 liber
430 2798 546 2864 quartus
565 2795 629 2850 GT.

472 3123 673 3132 ..βω-υ...-

142 3551 260 3592 wfflomdl
273 3551 321 3592 vita
337 3552 437 3595 Wflflbr.
453 3557 521 3597 metr.
535 3554 571 3598 ed.
586 3553 718 3605 Barabeta.
895 3542 918 3590 ἶ)
