2370 3810
208 180 297 234 VITA
315 179 567 235 WILLIBRORDI
581 180 759 262 ἱΜΕἸἮΙΟΑ.
788 181 890 240 mul.
909 183 943 238 ll.
1019 180 1059 247 19

86 333 205 419 Saepta
226 333 413 399 monasterii
436 334 575 400 condens
596 334 631 398 in
653 335 748 400 litore
770 333 876 400 Rheni

85 418 125 483 In
148 422 252 484 crucis
275 440 314 483 ac
336 419 407 483 diae
429 420 568 485 sacrarit
588 420 714 485 honore
736 418 868 501 Mariae,

87 502 264 569 Constituit
286 503 470 568 cathedram
499 504 561 568 sibi
584 504 807 590 contiolaeque
829 505 1052 589 proseucham.

33 609 75 649 sao
89 586 152 653 Sed
174 589 256 653 mihi
278 587 439 652 Pieridum
461 589 543 672 pede
564 611 629 654 non
654 594 704 654 est
724 589 1005 675 progrediendum,

86 671 148 737 Est
169 673 403 758 respirandum,
424 674 590 739 recreandi
612 697 701 740 more
723 674 924 740 morandum.

543 873 599 948 II.

128 1006 183 1074 IX.
229 1007 405 1092 Impositus
442 1008 612 1072 cathedrae
640 1007 806 1156 Wiibrord
841 1008 956 1094 grandi
993 1012 1052 1075 sub

718 1113 817 1157 onore
973 1103 991 1155 f.
1007 1108 1053 1156 aar

82 1174 157 1239 Nou
179 1176 272 1241 aliter
295 1177 405 1240 docuit
427 1197 526 1261 quam
548 1177 639 1259 vixit,
662 1177 716 1241 sed
737 1178 864 1262 priore
890 1179 923 1243 ‘t

83 1258 242 1343 Quicquid
265 1261 319 1345 agi
341 1261 452 1341 suasit,
476 1263 540 1326 dux
560 1263 710 1346 praevius
733 1267 808 1327 ante
830 1284 870 1327 vo
884 1264 962 1347 avit,

83 1347 171 1408 Ante
192 1344 268 1409 tulit
288 1366 446 1431 gressum,
469 1367 548 1432 grex
569 1351 606 1411 ut
627 1369 662 1412 se
683 1369 751 1412 uon
774 1349 940 1431 alienum,

55 1428 170 1494 sGrex
192 1433 228 1494 ut
248 1435 410 1514 pastorem
431 1436 626 1516 sequeretur,
649 1454 716 1497 non
738 1435 846 1519 gregis
869 1434 1006 1498 hostem.

83 1517 132 1578 Ac
154 1515 419 1598 superintendens
442 1521 480 1581 ut
500 1517 613 1602 fulgur
634 1518 740 1582 eundo
763 1523 928 1583 revertens

82 1597 123 1663 Se
145 1600 292 1665 meminit
313 1602 507 1665 monachum
531 1603 643 1665 matris
666 1604 838 1666 daventre
861 1601 1012 1685 dicatum,

82 1682 173 1748 Ursit
192 1685 395 1768 propositum
417 1685 578 1763 monachi,
602 1707 806 1769 cursumque,
829 1687 987 1749 volatum:

83 1767 154 1832 Hoc
175 1768 238 1833 sibi
260 1770 439 1834 subiectum
463 1770 600 1835 nutrivit
621 1771 655 1833 iu
678 1770 789 1833 ordine
811 1770 942 1835 clerum.

43 1880 68 1916 ιο
125 1853 165 1917 X.
196 1852 398 1938 Angelicam,
418 1875 485 1919 non
500 1855 676 1919 humanam
696 1855 816 1918 ducens
836 1854 1047 1921 hemeritam

79 1936 230 2002 Excessit
252 1939 425 2023 hominem,
446 1940 549 2025 gessit
570 1960 697 2005 carnem
720 1940 789 2004 sine
812 1961 919 2024 carne,

78 2022 166 2088 Nam
191 2024 447 2089 commendatam
469 2025 592 2090 studuit
612 2024 784 2110 decuplare
805 2026 981 2110 probatam.

78 2107 143 2172 Ivit
165 2130 223 2192 per
244 2107 385 2173 Fresiam
409 2108 531 2175 Rabcdi
554 2111 722 2195 regnantis
744 2111 778 2174 in
801 2111 919 2195 aulam,

77 2192 263 2258 Insinuavit
284 2194 312 2256 ei
335 2194 481 2259 caelestis
503 2194 668 2281 agalmata
689 2195 792 2278 regni,

39 2301 65 2339 15
79 2276 142 2342 Sed
163 2278 211 2341 nil
233 2278 379 2363 profecit,
403 2279 567 2360 quianon
589 2279 624 2341 iu
646 2283 792 2361 tempore
814 2279 914 2342 venit.

77 2362 219 2446 Tempus
243 2365 362 2447 quippe
384 2362 430 2426 rei
453 2362 511 2426 sub
534 2361 601 2427 sele
625 2362 712 2426 dedit
734 2361 812 2426 deus
836 2362 936 2445 omui,

77 2447 228 2531 Tempus,
251 2469 309 2531 per
331 2447 453 2531 species
477 2448 563 2532 quod
585 2446 700 2512 dividit
723 2446 950 2513 ‘ecclesiastes’

76 2531 152 2597 Non
176 2535 213 2596 ut
234 2532 426 2597 Aristoteles
448 2537 580 2618 argutas
601 2555 660 2617 per
681 2534 834 2616 rationes,

76 2615 140 2682 Sed
163 2638 219 2700 per
241 2617 420 2682 inauditam
442 2617 610 2702 Spartanis
632 2619 831 2704 allegoriam.

35 2724 62 2764 20
77 2701 196 2786 Aptius
219 2707 391 2786 expectans
412 2705 541 2788 tempus
563 2726 735 2802 secumque
756 2704 908 2768 volutans

77 2788 210 2870 Absque
231 2785 335 2851 David
358 2786 442 2853 clavi
463 2790 510 2854 nil
533 2789 638 2854 claudi
660 2789 708 2852 ml
730 2788 846 2872 aperiri
966 2794 985 2852 f.
997 2801 1045 2848 arv

76 2872 241 2936 Abscessit
264 2876 402 2937 maestus
423 2872 525 2938 laetus
547 2874 669 2939 reditus
691 2873 872 2938 habiturus.

144 3082 193 3130 ⁵17
212 3075 301 3145 Septa
319 3075 378 3130 GT
409 3075 552 3130 littoreG
625 3075 766 3142 518dyae
786 3073 846 3128 GT
911 3082 961 3131 519
979 3093 1043 3131 con·

74 3144 166 3198 ciolae
191 3143 249 3200 GT
328 3150 379 3199 520
401 3143 555 3210 Pyeridum
579 3143 637 3198 GT
720 3147 784 3208 post
801 3157 827 3196 v.
846 3148 894 3196 521
919 3143 1044 3214 Explicit

73 3211 149 3266 liber
165 3212 275 3280 primus
294 3211 353 3266 GT

142 3278 248 3350 Incipit
262 3279 336 3333 liber
352 3279 492 3332 secundus
512 3277 570 3332 GT
638 3283 649 3330 l
670 3277 812 3346 Inpositus
832 3277 858 3332 G
927 3278 1041 3345 squid-

74 3348 194 3416 quidT
232 3346 347 3417 previus
372 3345 430 3400 GT
505 3352 629 3413 dauper
650 3344 806 3400 intendens
829 3345 886 3399 GT
968 3341 1068 3410 xisti}-

73 3431 141 3468 nam
161 3417 235 3480 (εἰεί)
255 3415 282 3470 G
335 3419 367 3468 14
385 3413 542 3471 celestiaT
594 3419 625 3469 Π
646 3413 862 3470 aecctedraatas
877 3410 906 3462 G
961 3410 1002 3455 &Q
1016 3402 1108 3501 m&

73 3483 183 3536 studies
201 3482 230 3536 G
253 3482 385 3539 natones
405 3483 433 3540 T
492 3492 523 3543 19
544 3485 740 3558 assegcryam
758 3481 820 3538 GT
882 3469 1065 3605 &mm
