2370 3810
222 157 312 212 VITA
329 155 578 213 WILLIBRORDI
596 157 768 214 murelos.
804 157 871 213 LIB.
891 159 928 214 Π.Ι
949 157 997 213 ΙΠ.
1061 159 1104 224 43

137 313 200 381 llst
220 313 386 396 impensus
408 309 528 389 honor,
552 310 789 377 demonstratus
811 311 919 396 gregis
942 311 1048 376 ardor.

138 401 259 465 Astans
281 395 447 481 angelicus
468 395 609 479 complet
630 416 688 460 sua
708 396 819 460 munia
840 399 964 461 coetus:

85 507 122 551 rso
138 483 276 551 Saevior
296 480 472 565 unguentis
495 480 576 545 odor
598 483 646 545 est
667 478 758 545 fusus
779 480 943 564 pretiosis,

137 568 199 634 Est
220 567 310 632 locus
332 564 386 629 hic
400 567 486 630 visus
509 564 656 629 redolens
679 567 833 649 tanquam
853 564 1030 649 paradisus.
1063 601 1102 613 -

136 652 214 720 Non
235 651 321 717 ultre
341 649 447 735 plenis
468 650 559 735 potui
582 649 771 734 pertendere
793 650 891 728 velis,
930 676 944 684 ·

139 737 204 802 Vix
225 735 319 822 tetigi
341 737 488 819 portum,
511 735 587 819 quia
608 734 694 799 traxi
716 755 846 819 corporo
869 734 1030 813 morbum,

138 820 232 888 Sensi
254 820 433 900 sentinam,
455 819 581 884 tristem
602 818 698 884 timui
720 818 908 883 Libitinam.

582 1008 660 1083 ΙΙΙ.

136 1146 314 1211 Incolumis
335 1148 446 1229 repeto
469 1144 579 1208 navim
600 1143 741 1227 litusque
763 1143 921 1227 relinquo.

137 1230 159 1298 S
183 1230 277 1296 iritus
298 1231 419 1314 aspiret
439 1249 500 1294 nec
522 1228 651 1292 flamine
674 1228 805 1292 carbasa
825 1228 946 1311 privet!
970 1264 1010 1274 —

173 1315 281 1380 aribus
303 1317 458 1380 attractus
479 1334 548 1378 non
571 1315 619 1377 est
641 1312 722 1378 odor
744 1315 946 1396 attenuatus,

137 1399 201 1466 Sed
223 1399 330 1497 potius
354 1400 470 1480 crevit,
493 1399 565 1463 loca
586 1418 676 1462 sacra
697 1419 816 1482 vapore
838 1396 989 1482 replevit,

108 1483 200 1550 susc
220 1486 323 1549 mstar
344 1483 481 1548 nebulae
503 1482 725 1566 fusus,'quasi
747 1482 855 1546 fumus
877 1503 1003 1548 acerrae

138 1568 273 1635 Obtexit
295 1567 457 1632 madidum
479 1567 685 1632 lacrimarum
707 1567 838 1632 flumine
859 1566 994 1649 lectum,

136 1651 206 1730 Quo
229 1652 336 1718 senior
359 1652 470 1735 caluit,
493 1672 555 1735 quo
578 1652 720 1716 membra
743 1651 857 1716 senilia
878 1651 975 1733 fovit,

135 1736 231 1804 Unde
252 1737 362 1822 polum
384 1737 494 1822 petiit,
518 1739 592 1800 dum
616 1735 722 1800 cernis
744 1735 896 1800 lemmata
917 1733 1022 1819 liquit.

138 1822 198 1887 lest
218 1821 264 1886 ibi
287 1822 432 1887 divinum
453 1822 563 1885 lumen
586 1819 806 1904 splendescere
827 1819 944 1901 risum,

95 1926 122 1968 ro
134 1905 277 1991 Lumen,
322 1907 386 1972 uod
408 1905 540 1971 rutilum
562 1925 628 1970 non
649 1925 712 1969 nox
735 1905 910 1988 interpolat
932 1909 1047 1971 ortum.

136 1990 163 2057 0
188 2013 285 2076 quam
300 1928 384 2056 dclix
407 1995 472 2072 est,
494 1991 546 2056 cui
568 1989 692 2054 mansio
716 2011 788 2056 cum
811 1991 934 2074 superis
957 1991 1021 2055 est!

138 2078 239 2142 Arcet
259 2079 436 2141 nocturnus
458 2098 478 2140 a
500 2074 594 2141 claris
617 2074 750 2139 artubus
773 2075 912 2147 umbras.
1021 2082 1041 2136 f.
1055 2084 1100 2136 er

136 2160 212 2226 Non
235 2181 309 2226 caro
330 2154 504 2242 foetorem,
525 2160 581 2224 sed
604 2161 722 2223 amomi
745 2160 845 2243 spirat
866 2160 1009 2236 odorem,

135 2244 270 2311 Vermes
291 2266 359 2310 non
381 2245 489 2330 gignit
509 2241 655 2328 putidos,
680 2245 735 2307 sed
758 2247 900 2308 aromata
922 2243 1034 2322 vincit,

96 2347 122 2389 ss
136 2328 223 2395 Dum
244 2330 396 2412 moritur,
417 2329 513 2413 vivit,
557 2327 611 2392 uia
633 2327 717 2391 vitae
741 2327 829 2391 curia
851 2327 945 2407 vixit3

136 2412 207 2491 Qua
228 2414 305 2479 deus
327 2414 493 2497 accubuit,
515 2413 644 2479 cenavit
665 2432 738 2476 cum
758 2413 866 2496 patre,
891 2411 1024 2491 mansit,

136 2498 330 2565 Accubitum
352 2499 477 2564 dulcem
499 2520 558 2583 per
579 2518 708 2562 suarem
730 2495 839 2581 prodit
860 2497 999 2562 odorem.

136 2581 198 2648 Est
218 2584 418 2649 mausoleum
439 2584 541 2668 patris
563 2582 681 2667 oppido
703 2582 923 2648 nobilitatum:

137 2667 308 2733 Excedunt
328 2690 496 2733 numerum
518 2666 674 2732 miracula
696 2667 831 2751 grandia
854 2672 992 2749 certum,
1022 2648 1061 2678 ’'

93 2772 121 2813 so
134 2751 242 2817 Indita
264 2753 318 2818 sed
341 2757 450 2818 cartae
472 2773 540 2817 non
561 2755 636 2816 sunt
658 2751 812 2836 scriptore
834 2755 979 2816 vacante.

133 2836 259 2922 Nempe
281 2841 376 2903 vacat
397 2837 523 2904 Scotius
545 2858 614 2901 rem
635 2838 760 2901 tantam
781 2837 903 2920 primus
926 2836 1071 2915 adorsus,

134 2920 268 3007 Ingenii
288 2922 407 2988 nebula
427 2923 527 3007 tegit,
549 2921 665 2987 oblinit
687 2920 800 2985 inclita
821 2925 922 3006 gesta.

203 3112 255 3186 '1⁴18'
271 3107 300 3161 in
322 3123 403 3164 ensus
422 3107 449 3163 G
518 3113 568 3162 779
587 3107 683 3160 caetus
702 3105 760 3160 GT
826 3111 875 3160 780
893 3106 1024 3176 ungentis
1044 3105 1102 3161 GT

156 3176 270 3254 ‘coicere
388 3180 437 3232 781
459 3173 650 3244 tamquamT
682 3174 836 3294 paradpsus
855 3173 914 3229 GT
984 3179 1035 3228 784
1052 3175 1100 3244 ly·

154 3259 166 3296 r
253 3259 289 3321 m·
303 3241 362 3322 G'T
422 3249 486 3322 poet
502 3259 528 3298 o.
547 3247 597 3298 784
614 3241 774 3310 Exphcrth
794 3257 827 3296 er
844 3241 982 3299 secundus
1002 3241 1064 3323 GD

131 3310 576 3504 pffijtzttffiazd
639 3313 832 3433 {reszuet
852 3377 877 3431 a
895 3316 910 3364 ⁷
930 3310 1111 3430 rullus.

381 3463 490 3502 ceun
