2370 3810
106 196 194 245 XXVI
450 171 735 229 PROLEGOMENA.

108 329 263 396 historiae
285 329 393 393 fontes
416 327 579 411 aperiant,
603 325 748 409 intersit,
776 328 813 388 ut
834 324 931 389 etiam
955 323 991 388 in
1017 325 1084 389 sin-

107 416 256 502 gulorum
278 413 448 478 verborum
471 411 587 476 litteris
609 410 688 474 fides
710 409 865 474 historica
895 412 927 473 et
949 411 1081 492 aetatis,

106 504 144 566 ut
165 501 263 565 verbo
290 498 468 563 recentiore
490 499 580 578 utar,
613 497 779 580 signatura
807 499 1082 579 repraesentetur,

105 608 146 651 ne
169 606 240 650 meo
263 583 391 668 quidem
412 581 528 646 iudicio
550 601 698 665 perverse
721 583 837 664 agunt,
862 579 981 664 quippe
997 602 1081 664 quo·

104 694 176 736 rum
200 691 297 753 opera
319 667 460 733 fontium
481 667 584 730 instar
605 665 716 729 haberi
740 664 858 729 velint:
881 687 933 729 me
955 671 1082 751 autem,

105 754 277 840 quiVitam
284 750 486 817 Willibrordi
500 751 667 816 metricam
680 771 745 813 non
758 753 823 814 tam
837 749 1082 833 historicorum,

106 856 201 924 quam
230 838 469 922 philologorum
496 837 531 900 in
558 857 650 900 usum
679 835 823 899 editurus
851 835 925 914 sim,
957 835 1082 900 eisdem

102 925 229 1011 legibus
253 924 419 988 astrictum
442 921 636 1020 assciscere
658 940 722 984 non
740 941 886 1018 possum,
909 921 988 1018 quin
1009 943 1081 1020 non

104 1005 1082 1187 trattati&atti-{blattamlibrat

108 1180 218 1245 critico
249 1199 360 1243 omnes
393 1177 570 1259 scripturae
604 1175 834 1258 discrepantias
868 1197 909 1240 ne
935 1177 1082 1242 minimis

107 1263 236 1349 quidem
259 1262 384 1326 omissis
407 1264 553 1325 accurate
576 1260 779 1325 ascribendas
810 1260 884 1325 duxi
913 1260 1010 1325 simul
1034 1263 1081 1327 eis

107 1348 341 1424 satisfacturus,
358 1346 413 1429 qui
428 1345 548 1409 talibus
564 1345 721 1421 sordibus,
736 1345 847 1429 quales
863 1349 939 1410 sunt
955 1348 1083 1433 ‘damp-

106 1455 197 1515 uare,
220 1432 407 1512 diseaedere,
424 1450 521 1513 perra,
544 1430 647 1495 laostr'a
669 1430 762 1494 rebat
783 1452 841 1513 pro
864 1433 945 1496 ostia
960 1432 1079 1513 Rbem',

109 1519 219 1602 utaris,
244 1517 350 1597 tacius,
374 1516 532 1594 aeeclesia,
554 1515 739 1596 meudatta',
756 1518 789 1578 et
803 1515 961 1580 similibus
976 1519 1080 1583 nimio

108 1603 181 1687 plus
204 1602 421 1682 delectentur,
454 1599 489 1664 in
522 1602 646 1664 textum
679 1602 801 1682 autem,
835 1622 929 1684 quem
963 1604 1081 1667 ceteris

108 1688 299 1772 postpositis
322 1686 362 1750 ad
384 1685 482 1751 facile
505 1685 677 1771 legendum
704 1688 737 1748 et
759 1685 905 1750 celeriter
925 1689 1081 1772 perspici·

110 1772 226 1837 endum
260 1776 370 1856 aptum
399 1770 530 1834 reddere
559 1769 638 1833 mihi
666 1790 909 1854 proposueram,
938 1775 973 1834 ut
1001 1773 1082 1838 talia

107 1859 278 1922 verborum
302 1860 446 1920 monstra
467 1856 656 1938 reciperem,
693 1876 711 1918 a
739 1876 790 1919 me
818 1856 989 1939 impetrare
1013 1880 1081 1923 non

107 1943 208 2026 potui.
244 1941 360 2005 Paucis
383 1944 492 2004 tamen
515 1939 594 2004 locis
617 1938 836 2022 singularibus
865 1942 906 2005 ab
928 1942 1080 2009 instituto

107 2048 178 2090 meo
191 2026 347 2110 optimam
360 2025 552 2108 scripturam
567 2022 879 2111 (orthographicum)
890 2029 1081 2094 restituendi

108 2112 255 2177 recedere
278 2112 407 2175 coactus
430 2130 510 2177 sum.
556 2110 604 2173 Ac
633 2108 771 2191 primum
794 2111 922 2193 quidem
945 2111 994 2176 ΠΙ
1020 2113 1082 2178 194

108 2198 192 2262 iusta
213 2197 375 2281 scriptura
396 2195 560 2280 Sapplra'ra
582 2194 724 2258 numeris
753 2196 961 2260 renuentibus
992 2219 1081 2281 sper·

107 2283 214 2348 nenda
236 2285 315 2348 erat.
361 2281 485 2346 Deinde
513 2279 631 2344 1343..
655 2278 688 2342 ΙΙ
712 2279 775 2344 684
801 2301 878 2364 moys
907 2280 1081 2349 et11562

106 2374 231 2452 stayros
252 2366 419 2432 retinenda
441 2365 570 2449 putavi,
595 2368 628 2428 et
649 2364 732 2446 quod
747 2363 827 2428 illud
849 2371 961 2430 auctor
982 2366 1083 2452 disyl-

111 2452 220 2516 labum
235 2451 343 2534 posuit
357 2455 390 2514 et
404 2450 488 2533 quod
504 2449 537 2512 in
554 2452 691 2530 utroque
707 2469 799 2512 voces
820 2470 951 2534 graecas
968 2452 1081 2535 procul

113 2535 211 2600 dubio
232 2535 272 2599 ad
288 2535 427 2599 litteram
444 2535 740 2616 repraesentaturus
756 2537 833 2598 erat.
863 2535 945 2600 Tum
960 2536 1080 2601 11407.

115 2618 163 2684 IV
189 2619 247 2684 101
277 2641 344 2684 non
373 2619 551 2698 umectaur't,
578 2637 671 2682 umor
693 2617 775 2700 dedi,
798 2619 853 2683 sed
880 2622 1088 2705 humectavit,

110 2706 233 2788 humor,
256 2707 375 2788 quippe
398 2725 469 2768 cum
491 2700 572 2766 illud
594 2723 665 2767 cum
688 2704 819 2787 laumas,
851 2706 910 2770 hoc
933 2707 1083 2772 cumbas

112 2789 251 2855 eiusdem
272 2810 382 2854 versus
398 2787 638 2852 allitterationis
653 2787 782 2853 vinculo
799 2791 1006 2854 coniunctum
1030 2792 1081 2856 sit.

111 2874 234 2939 Eadem
257 2895 351 2939 causa
373 2873 556 2957 prohibitus
579 2894 650 2936 sum
671 2872 720 2936 ΙΙΙ
735 2874 798 2938 319
820 2896 878 2958 pro
901 2876 1000 2942 eiulat
1016 2897 1083 2941 rec·

111 2960 175 3024 tius
206 2960 326 3024 beiulat
353 2959 512 3022 exhibere.
557 2956 705 3041 Denique
734 2980 854 3024 nomen
877 2959 1084 3027 Hierusalem

111 3043 203 3108 nolui
214 3065 272 3127 per
284 3042 460 3109 Ierusalem
474 3041 615 3121 reddere,
632 3065 705 3107 cum
723 3049 909 3128 comparate
924 3066 1003 3110 voce
1019 3046 1083 3112 bie·

111 3129 231 3193 rarelaa
254 3137 407 3211 appareat
430 3132 462 3193 et
483 3127 536 3192 hic
554 3133 587 3192 et
602 3128 669 3192 illic
684 3129 809 3194 litteras
824 3131 859 3196 1ιὶ
873 3130 959 3194 idem
974 3129 1083 3196 valere

113 3211 198 3295 quod
224 3213 238 3276 e'
261 3233 448 3278 consonam.
488 3211 702 3290 Quamobrem
732 3218 788 3278 aut
817 3216 978 3299 utrimque
1006 3217 1083 3281 scri·

114 3296 254 3361 bendum
277 3302 345 3363 erat
366 3299 436 3382 ter,
460 3302 530 3382 aut,
553 3321 595 3363 ne
618 3297 736 3364 similia
757 3299 874 3365 fierent
903 3299 1084 3386 dissimilia,

112 3382 147 3446 in
169 3382 323 3535 altqputro
346 3384 501 3450 vocabulo
530 3383 687 3467 scriptura
715 3384 820 3450 medio
851 3406 930 3451 aero
953 3389 1085 3471 recepta

102 3490 221 3535 sarran
242 3489 272 3535 a.
