2370 3810
265 131 353 188 VITA
366 131 616 186 WlLLIBBOltDI
632 129 803 186 METRIOL
828 129 897 189 LIB.
909 132 930 184 Ι.
1060 133 1079 201 ἵ

117 287 240 353 Struxit
262 286 345 350 ovile
368 285 476 370 gregis
499 284 613 349 summi
635 305 734 368 pecus
757 284 918 368 opilionis,

116 372 212 436 Parit
230 391 308 436 oves
329 369 413 434 fetas
436 369 525 434 etin
547 369 624 454 agni
646 369 804 453 sanguine
826 369 918 434 letes.

116 455 260 520 Maturus
283 455 386 536 senio,
410 456 482 519 cute
503 453 585 536 laxa,
609 455 727 518 vertice
750 474 841 537 cano,

65 561 103 601 reo
116 539 230 605 Militis
253 539 379 605 emeriti
401 539 563 624 suspirans
584 559 718 603 munere
739 538 834 622 fungi

115 624 258 688 Transiit
280 646 319 688 ex
340 645 448 702 caeno,
471 624 509 687 de
533 623 639 690 carnis
661 645 786 688 carcere
810 644 916 708 caeco,

118 708 169 772 nd
189 708 305 773 faciem
326 709 408 794 facie
430 708 512 773 vidit
533 730 629 792 quem
651 711 758 773 mente
780 707 892 776 sitivit.

118 793 255 943 Perqula
276 793 434 858 theoticos
455 793 533 858 tulit
554 796 643 858 artus
665 792 874 857 exanimatos.

73 943 75 946 Α
159 877 174 941 Ι
207 932 214 945 .
242 875 303 943 Sed
317 879 393 962 quia
408 877 570 963 digressus
585 899 657 941 sum
672 879 811 960 syrmate
826 877 979 942 carminis
995 899 1079 956 usus,

65 982 102 1022 125
117 961 166 1025 Ad
189 962 412 1028 diverticulum
434 984 469 1026 re
510 982 599 1026 essus
621 961 683 1025 iter
703 964 774 1024 tero
797 964 953 1044 coeptum.

114 1045 236 1111 Tantae
257 1048 427 1131 prosapiae
451 983 654 1110 Vlilbrordus
677 1047 710 1109 et
731 1044 850 1137 indolis
872 1045 966 1126 altae,

114 1130 163 1194 Elx
185 1136 290 1196 aetate
313 1135 413 1211 tener,
437 1129 566 1205 Samuel
587 1129 786 1214 profectibus
809 1129 899 1212 alter,

114 1215 235 1297 Crevit,
259 1215 409 1300 profecit,
432 1216 555 1300 puerile
576 1237 658 1300 puer
679 1214 763 1279 nihil
784 1214 860 1299 egit.

113 1299 189 1365 Non
212 1300 312 1384 gestit
333 1300 464 1384 paribus
486 1302 594 1384 parvis
616 1300 777 1365 colludere
799 1321 927 1382 parvus,

63 1404 101 1444 reo
115 1383 177 1448 Sed
199 1385 299 1448 sacris
321 1384 435 1449 studiis
457 1385 601 1450 intentus
624 1384 772 1449 acumine
793 1385 911 1449 mentis

113 1467 237 1533 Floruit
258 1468 388 1534 uberius
411 1491 469 1535 ceu
491 1469 614 1552 cedrus,
660 1469 753 1549 alma,
778 1490 955 1554 cypressus.
1006 1477 1024 1531 1.
1034 1483 1079 1532 oor

113 1552 257 1637 Cumque
280 1554 357 1619 duas
380 1555 516 1619 decadas
538 1555 607 1619 eius
630 1492 679 1618 slis
703 1558 840 1638 ungeret
861 1556 960 1634 aetas,

112 1636 225 1718 Omne,
249 1638 334 1722 quod
356 1643 431 1703 ante
453 1639 623 1722 laborarit,
645 1577 784 1702 nihilum
806 1638 969 1721 reputavit

112 1721 220 1807 Atque
243 1722 456 1805 columbinas,
479 1723 596 1806 quibus
619 1723 731 1797 evolet,
755 1721 877 1805 expetit
898 1721 977 1804 alas,

62 1824 100 1863 1³5
112 1805 158 1872 Ut
177 1807 276 1890 longe
298 1806 415 1891 fugiat,
439 1808 509 1871 sine
530 1806 649 1871 mentis
670 1804 800 1870 turbine
822 1805 920 1870 vivat.

113 1892 215 1956 Ardet
236 1890 325 1955 abire
346 1891 426 1976 fuga
447 1891 594 1976 dulcique
615 1890 762 1956 recedere
788 1894 883 1971 terra,

112 1975 175 2041 Sed
196 1997 264 2040 non
287 1976 407 2060 absque
428 1977 529 2061 patris
553 1998 712 2043 consensu
734 1976 923 2060 spiritualis.

112 2059 245 2146 Detegit
266 2061 342 2125 huic
363 2062 474 2147 ignem
493 2063 612 2129 montis
635 2065 758 2127 secreta
780 2064 986 2140 cremantem,

111 2145 151 2209 ln
172 2167 309 2210 messem
331 2146 454 2211 domini
476 2148 626 2212 coniveat
648 2151 685 2211 ut
705 2145 875 2230 proficisci,
909 2205 911 2210 .

61 2229 236 2296 140Mess0r
258 2231 313 2295 ubi
335 2252 435 2313 rarus,
458 2231 513 2295 sed
534 2232 659 2295 fructus
682 2229 785 2313 frugis
807 2228 942 2312 opimus.

112 2313 229 2399 Implet
251 2318 323 2380 uter
346 2336 385 2378 ue
408 2316 515 2379 sinum
535 2314 678 2379 lacrimis
700 2334 740 2376 ex
762 2311 856 2377 corde
878 2311 1029 2388 subortis,

112 2397 174 2464 Hic
197 2403 299 2498 rogat,
322 2337 377 2464 ille
399 2402 506 2484 neget,
528 2403 621 2483 pater
643 2399 760 2477 obstat,
783 2395 869 2460 filius
890 2396 1003 2480 instat,

111 2482 181 2548 Nec
202 2506 291 2568 prrus
314 2485 452 2565 absistit,
475 2507 570 2570 quam
592 2483 694 2570 patris
717 2482 838 2548 viscora
861 2480 966 2546 mollit

112 2570 162 2633 Ac
184 2568 314 2634 deducit
336 2592 409 2635 eum
431 2591 563 2636 concors
586 2573 696 2636 coetus
718 2568 882 2635 seniorum

61 2671 100 2713 145
113 2652 191 2719 Non
213 2654 313 2719 oculis
336 2655 437 2735 siccis,
460 2656 515 2721 sed
535 2656 629 2721 fletus
651 2655 784 2719 flumine
805 2647 933 2717 tinctis:

113 2737 242 2822 Oscula,
266 2741 451 2824 complexus
473 2741 527 2805 dat
549 2740 666 2804 amoris
687 2737 831 2804 fervidus
854 2740 971 2802 aestus.

112 2821 183 2888 Hac
205 2826 310 2889 aetate
332 2825 411 2889 uiris
434 2825 552 2890 effulsit
572 2823 729 2889 Hibernia
751 2822 857 2902 claris,

114 2906 238 2972 Floruit
259 2909 294 2972 in
316 2910 440 2992 studiis,
463 2913 500 2974 ut
522 2908 671 2974 Athenae
694 2904 978 2992 gymnosophistis.

113 2989 187 3069 Huc
208 3015 243 3058 se
264 2993 385 3074 forma,
409 2994 505 3058 decus
526 2994 679 3058 iuvenum
701 2991 789 3056 dedit
810 2989 876 3054 alta
898 2990 1077 3056 docendum

60 3093 101 3135 rso
114 3077 163 3141 Ac
185 3077 297 3142 didicit
319 3078 455 3164 logikas,
481 3078 614 3158 ethicae,
635 3076 788 3161 physicae
810 3075 962 3158 rationes,

182 3234 230 3284 118
247 3229 338 3282 saetae
357 3228 384 3281 θ
453 3234 499 3283 111
519 3243 588 3283 ceno
607 3260 634 3270 -
656 3243 721 3283 ceco
741 3227 767 3281 Τ
835 3233 883 3282 125
901 3228 1077 3296 caeptumG

111 3297 226 3364 ceptum
253 3295 280 3351 T
366 3301 415 3350 127
442 3294 575 3351 Samuhel
602 3295 629 3351 G
715 3300 763 3350 129
790 3294 914 3364 parrusl
933 3295 1040 3364 paruis
1058 3296 1087 3342 'h

114 3369 162 3419 lau
179 3363 330 3419 recredere
350 3364 376 3418 G
447 3370 495 3419 144
512 3365 611 3420 caetus
629 3364 657 3418 G
729 3370 784 3419 leb
801 3352 1108 3432 gymnosonbrffi

113 3436 163 3486 150
176 3430 302 3500 phisicae
322 3431 381 3487 GT
