2370 3810
455 195 759 261 ccnuaummus.
1031 205 1089 270 101

121 356 264 434 Wilgislc
296 359 327 417 et
349 356 554 417 Willibrordc.
579 390 616 401 —
646 377 675 417 v.
693 359 754 431 259
783 359 821 419 ab
847 360 903 420 hcc
931 379 1019 422 versu
1045 361 1090 422 in·

121 442 196 517 cipit
215 459 295 501 nove
315 442 457 518 narratio,
481 442 565 502 cuiue
586 443 618 503 in
632 442 779 502 Thicfn'di
801 448 976 522 argumento
999 465 1091 522 supra

120 527 213 586 allato
228 527 343 585 mentio
357 527 441 585 nulla
455 527 535 586 facta
549 530 603 586 esi.
637 547 672 587 ea
685 529 718 587 in
734 527 805 588 Vita
818 530 953 605 prosaica
968 531 1090 592 omnino

119 629 181 671 ncn
208 611 375 686 perscripta
401 630 466 671 esse
492 610 620 672 videtur.
663 613 728 672 veri
762 613 842 673 haud
871 614 1014 674 dissimile
1044 618 1091 676 eet

10 702 14 707 '
121 693 312 755 Thiofiidum
333 713 398 754 eam
421 714 476 772 pro
498 715 562 772 cap.
579 696 692 775 XXIX,
719 698 797 774 quod
821 700 853 758 in
875 699 946 759 Vita
967 701 1092 760 metrica

119 797 183 839 ncn
205 782 367 856 comparet,
391 780 590 841 substituisse.

205 882 234 923 v.
251 863 463 939 2601sumuris
484 866 665 939 primatibus
691 884 814 940 superae
842 869 928 928 actae
955 870 990 927 ut
1017 873 1092 944 puta

120 947 320 1024 archangelis,
355 949 548 1025 patriarchis,
586 949 760 1011 clarissimis
793 951 866 1011 viris
900 953 1018 1013 sanctis.
1053 985 1089 997 -

118 1053 149 1094 v.
166 1033 228 1092 263
251 1033 422 1093 lactamina:
449 1036 587 1093 stercore.
612 1067 650 1077 —
674 1053 702 1094 v.
720 1035 781 1094 269
805 1040 916 1096 mustus
938 1035 975 1095 cf.
998 1036 1037 1096 ad
1059 1037 1104 1096 H.

120 1117 193 1180 277.
220 1147 263 1159 ·-
289 1138 318 1178 v.
339 1118 399 1178 276
432 1120 546 1179 tuscan:
578 1118 675 1178 forma
704 1120 847 1179 sermonis
874 1120 1009 1198 vulgaris
1036 1140 1090 1198 prc

57 1234 61 1238 -
119 1200 283 1261 ‘deorsum'
307 1201 344 1261 cf.
368 1203 528 1279 Augustiu.
551 1205 638 1262 tract.
663 1202 746 1263 VIII.
784 1205 814 1262 iu
838 1224 885 1280 ep.
909 1205 939 1264 S.
962 1205 1090 1266 Iohann.

118 1303 152 1346 n.
175 1286 193 1344 2
223 1284 307 1361 Quod
327 1304 445 1356 smum,
467 1286 741 1360 semunciarum
769 1290 1017 1362 cananaeum,
1044 1291 1090 1364 su·
1162 1328 1165 1334 ·

119 1372 199 1432 cirus
224 1387 352 1431 merua.
396 1373 518 1432 iusum
551 1375 596 1432 cis
623 1372 718 1445 fucere
746 1374 833 1434 arua
861 1380 888 1434 at
913 1379 941 1434 tc
966 1378 1091 1436 emma?

119 1453 308 1515 iuti-actii
328 1456 394 1518 n.5
422 1473 525 1516 susum
551 1475 598 1517 mc
617 1458 759 1537 amerus,
786 1461 909 1519 iusum
930 1477 975 1520 rue
997 1462 1091 1522 cauus

119 1538 159 1599 cf.
187 1539 279 1599 etium
311 1539 514 1616 fragmentum
546 1543 579 1601 in
612 1542 676 1602 ced.
705 1560 782 1601 mus.
812 1543 980 1603 Britannici
1012 1546 1092 1604 inter

118 1623 341 1684 Arundeliancs
368 1623 407 1684 N.
428 1627 492 1686 390
518 1619 571 1684 fol.
591 1626 650 1684 132
679 1623 733 1702 (Μ.
758 1624 792 1684 G.
816 1625 867 1685 SS.
884 1626 960 1684 VIII
981 1646 1009 1702 p.
1027 1630 1086 1689 461

118 1707 172 1767 lin.
189 1702 244 1788 33)
267 1713 341 1770 carta
361 1714 394 1768 tu
415 1710 588 1784 imprecanti
603 1726 745 1783 pacrura
774 1714 808 1768 ut
828 1712 884 1769 iret
910 1713 1033 1771 tusum
1057 1714 1091 1772 ia

117 1792 214 1865 faudo
235 1810 340 1868 aquea
364 1823 403 1835 -
427 1812 455 1853 v.
472 1794 533 1852 289
556 1794 654 1853 ustula
675 1794 739 1869 iq.
762 1795 877 1870 ascula,
907 1795 987 1871 quod
1009 1796 1089 1856 idem

117 1876 201 1937 velet
222 1896 255 1937 ac
278 1876 401 1938 festuca.
421 1909 457 1921 -
476 1896 504 1937 v.
521 1878 582 1938 289
598 1879 692 1952 pestc's
710 1879 812 1954 prucis
831 1881 987 1956 paupere.-
1011 1899 1088 1942 scor·

117 1961 225 2038 butus,
248 1962 280 2021 ni
303 1961 399 2021 fallor.
423 1994 465 2004 —
491 1982 521 2021 v.
538 1963 601 2023 290
622 1964 788 2039 paupertas
809 1966 914 2025 artua:
938 1984 1090 2043 numerus,

117 2047 155 2105 ut
176 2044 271 2120 aiunt,
293 2046 457 2122 rotundum
485 2066 556 2107 nam
578 2047 615 2106 ab
638 2047 723 2108 obitu
745 2047 934 2109 willibrordi
958 2051 1019 2112 738
1041 2052 1089 2112 vel

120 2131 182 2190 739
204 2148 298 2207 usque
321 2130 360 2190 ad
382 2149 598 2208 cumacinum,
628 2150 687 2208 quc
709 2131 881 2193 Thicfridus
903 2133 1007 2193 Vitam
1029 2154 1088 2195 me·

120 2215 227 2275 tricam
244 2216 373 2292 scripsit,
400 2216 482 2276 1105
501 2234 540 2274 ne
562 2215 776 2292 quadringenti
797 2217 918 2292 quidem
942 2219 1013 2277 unni
1034 2239 1089 2279 nu·

118 2302 286 2359 merantur.
311 2332 349 2342 —
372 2320 400 2360 r.
418 2301 480 2360 293
502 2300 610 2376 iunge:
635 2299 773 2359 dcifideli.

500 2412 578 2494 [cap.
593 2415 715 2494 XXIX]

205 2511 275 2571 Nou
308 2514 461 2586 comparet
491 2511 524 2570 in
546 2510 618 2570 Vita
650 2511 788 2579 metrica3
823 2512 859 2573 cf.
894 2532 970 2590 quae
998 2516 1092 2577 mcdc

119 2595 249 2656 diximus
271 2596 308 2655 ad
329 2595 360 2655 H
376 2597 446 2655 259.
489 2596 562 2671 quid
583 2615 648 2673 cap.
673 2597 712 2656 29
736 2595 825 2657 Vitae
847 2599 998 2673 prosaicae
1021 2619 1091 2663 con-

120 2681 263 2757 tineatur,
289 2681 377 2742 docet
793 2723 796 2727 -

205 2765 354 2826 Thicfridi
381 2769 607 2844 argumentum:
640 2765 723 2843 Quod
755 2772 875 2827 sauctus
907 2768 1087 2832 waltcaudus

117 2849 278 2924 maaca
307 2852 420 2912 maus
448 2852 538 2912 cuuis
562 2852 758 2912 haemuicum
784 2853 876 2911 wem
901 2856 1026 2914 eucrau't
1052 2857 1088 2916 ia

116 2937 286 3013 reclusione,
308 2942 335 2996 ct
356 2936 549 2998 Bccrurcctus
570 2941 596 2995 ct
616 2935 779 3011 &muudus
801 2937 1011 3022 urchcprcsulcs
1031 2940 1089 3001 aba

119 3021 184 3082 dem
212 3024 373 3082 accersas
399 3027 469 3082 saar
500 3021 613 3097 capena·
640 3021 795 3082 mantuae.
821 3053 863 3063 —-
890 3023 953 3083 eius
980 3025 1087 3100 capitis

118 3105 299 3182 particulam
328 3104 443 3182 publici
476 3106 550 3165 iuris
579 3104 651 3165 fecit
676 3105 854 3165 Ludewicus
883 3105 1031 3169 Weiland.
1054 3111 1086 3169 in

118 3190 159 3249 M.
183 3188 218 3250 G.
243 3188 296 3249 SS.
319 3189 421 3250 XXIII
443 3209 473 3265 p.
490 3190 540 3248 25.

347 3327 409 3385 cap.
424 3307 506 3367 XXX
529 3306 595 3386 (lib.
610 3307 657 3366 HI
679 3306 870 3387 294-375.)

205 3401 354 3462 Thiciridi
387 3404 611 3479 argumentum:
649 3402 733 3478 Quod
767 3408 901 3464 sunctum
933 3401 1086 3465 Amatber-

114 3505 201 3567 pum,
229 3506 319 3563 quara
344 3483 380 3547 c'u
401 3504 489 3548 carue
516 3488 621 3565 dcpcue
642 3488 807 3550 cataractis
833 3489 977 3548 anemae
997 3505 1099 3546 carea-
