2370 3810
89 141 132 208 24
478 137 668 193 THIOFRIDI

91 293 194 376 Vivis,
217 314 285 358 non
306 293 397 376 vivit,
420 293 528 371 sentis,
552 313 619 356 non
641 290 780 356 formula
803 291 911 361 sentit.

89 379 197 457 Erras,
221 378 385 462 deciperis,
410 377 469 442 sub
490 379 646 462 figmento
670 378 767 442 oubat
788 376 915 462 anguis,

40 485 79 524 ιω
91 465 228 549 Anguis,
251 464 307 548 qui
328 463 451 547 primae
473 462 634 545 subrepsit
655 461 892 546 origoruinae,

93 547 192 615 Virus
214 550 270 633 qui
291 548 415 612 fraudis
436 549 534 630 spuit,
556 545 678 611 infudit
699 547 919 631 protoplastis,

92 633 277 700 Insufflavit
298 633 344 696 eis
366 635 515 696 aeternae
537 630 692 714 sulphura
713 631 827 696 mortis

93 721 143 783 Ae
164 739 223 802 per
245 738 300 782 eos
322 737 450 781 omnem
473 716 613 800 deglutit
633 716 867 800 posteritatem.

93 802 189 881 Huic,
214 824 279 882 rex,
302 802 382 867 heu!
405 801 513 885 servis,
536 801 612 865 huie
635 801 754 865 collum
775 800 885 869 nobile
907 800 1024 885 flectis,

43 908 81 948 reo
95 886 158 952 Hie
180 893 214 952 te
236 887 417 952 subiectum
440 886 501 951 sibi
522 886 688 969 demerget
709 885 769 949 sub
791 885 969 965 Avernum,

95 972 221 1040 Vermis
243 973 299 1037 ubi
320 973 431 1037 tundit
451 972 593 1056 psyohen
615 971 766 1055 ignisque
787 969 919 1054 perurit,
985 976 1007 1031 f.
1018 980 1064 1033 ’11)τ

95 1057 173 1124 Non
194 1059 331 1123 moritur
353 1057 482 1140 vermis,
504 1054 571 1121 non
594 1055 643 1119 vis
666 1055 868 1140 extinguitur
888 1054 987 1140 ignis,

94 1143 156 1208 Est
177 1143 246 1207 sine
271 1141 399 1207 defectu
421 1141 575 1223 defectus,
598 1160 685 1204 mors
707 1139 777 1203 sine
798 1141 913 1221 morte,

96 1227 157 1291 Est
177 1227 325 1291 infinitus
347 1226 437 1290 finis:
460 1225 537 1309 quid
560 1225 699 1289 amarius
722 1227 771 1289 est
791 1223 868 1288 hle?

46 1317 83 1357 ¹⁶⁵
99 1309 161 1377 Sed
190 1310 266 1375 dum
293 1314 421 1394 tempus
449 1309 565 1391 hebes,
595 1311 695 1392 hano,
724 1329 821 1392 quam
842 1307 951 1393 geris,
981 1328 1066 1374 exue

705 1395 847 1458 mentem
927 1402 930 1407 '

98 1480 251 1563 Consule,
273 1500 370 1563 parce
391 1479 463 1562 tibi,
486 1481 681 1556 convertere,
706 1477 815 1543 desine
836 1443 919 1558 f'alli,

97 1565 216 1630 Desere
238 1564 325 1648 quod
347 1585 414 1629 non
437 1566 496 1647 est,
519 1565 557 1627 ut
578 1584 690 1628 verum
711 1562 871 1646 percipies
893 1565 979 1626 usu.

97 1649 173 1715 Non
215 1654 264 1715 est
306 1648 611 1734 ‘essequod-est?
638 1648 724 1731 quod
760 1646 877 1731 eredis,
914 1647 971 1710 sed
1007 1649 1067 1712 tua

708 1740 881 1797 moreest·

98 1818 408 1903 ‘Esse-quod-est'
452 1818 529 1882 deus
573 1820 636 1901 est,
683 1816 745 1880 hoe
787 1780 892 1880 omnis
934 1814 1069 1881 condita

708 1922 759 1965 res
783 1905 845 1965 est·

48 2009 86 2049 uo
100 1986 134 2054 Si
156 1987 205 2052 vis
227 2007 305 2064 esse,
329 1985 410 2069 ride,
434 1985 511 2069 quid
533 2006 622 2069 agas,
644 1986 795 2050 merearis
818 1950 856 2049 u’t
877 2005 957 2068 esse,

99 2073 203 2137 Fonte
225 2070 361 2135 salutari
383 2070 502 2134 festina
523 2070 697 2154 purificari,

98 2156 150 2223 Ne
172 2156 239 2221 vita
261 2176 379 2236 careas,
402 2176 444 2219 ne
466 2154 559 2240 regni
582 2157 710 2238 sceptra
731 2155 904 2238 relinquas,

99 2242 162 2309 Sed
184 2262 300 2327 regnes
321 2262 380 2325 per
401 2262 483 2323 eum,
507 2240 563 2325 qui
584 2260 640 2304 rex
662 2244 711 2304 est
731 2239 862 2323 vitaque
884 2259 1011 2322 regum,

100 2327 163 2403 oui
183 2328 240 2392 dat
259 2346 361 2411 regna
381 2325 498 2411 quibus
512 2325 584 2389 vult
605 2329 638 2389 et
657 2323 812 2389 transfert
831 2345 869 2387 ea
890 2344 954 2407 quo
974 2323 1070 2389 vult'.

49 2432 87 2474 us
99 2411 212 2477 Edidit
233 2412 312 2475 haee
333 2410 440 2491 heros,
461 2411 572 2493 paucis
594 2408 674 2472 haee
695 2406 835 2474 reddidit
856 2408 986 2473 archos:

100 2495 208 2578 ‘Novi
231 2493 307 2577 quid
329 2493 455 2576 cupies,
480 2512 562 2575 quae
584 2493 627 2556 sit
648 2492 709 2557 tibi
731 2498 881 2577 prompta
902 2492 1071 2578 voluntas,

100 2579 194 2646 Velle
216 2577 298 2642 mori
320 2576 387 2641 seio
409 2581 452 2658 te,
475 2597 544 2641 non
566 2577 734 2661 continget
754 2577 815 2642 tibi
837 2598 895 2662 per
916 2599 978 2643 me.

100 2663 192 2742 Vive,
214 2662 291 2727 lieet
311 2660 407 2745 nolis,
429 2660 574 2746 aequasti
595 2659 720 2726 famina
740 2662 847 2727 foetis.

99 2749 160 2814 nst
181 2745 379 2812 invincibilis
401 2745 462 2810 tibi
484 2746 543 2825 vis,
566 2747 747 2811 constantia
768 2746 898 2831 mentis,

50 2856 88 2895 rao
103 2833 200 2899 Ocius
223 2851 300 2917 ergo
323 2830 401 2915 redi,
424 2830 463 2896 de
484 2832 605 2896 nostris
627 2832 746 2896 finibus
768 2833 842 2904 exi?

101 2917 165 2982 Hie
186 2918 307 3002 primas
328 2919 439 2981 tantus
461 2917 652 3001 primatibus
675 2920 725 2981 est
745 2915 931 2997 imitandus,

100 3003 260 3067 Ethnieus
283 3002 465 3085 exemplum
487 3001 542 3066 dat
564 2999 766 3066 Christicolis
788 3000 1005 3066 recolendum.

101 3086 187 3152 Nam
209 3087 286 3172 quia
307 3084 458 3171 Spartani
481 3088 620 3152 seotatus
643 3086 724 3151 suite
745 3085 887 3172 Lycurgi

100 3172 232 3237 Invenit
253 3171 349 3257 leges,
372 3172 488 3257 quibus
511 3171 607 3236 effera
629 3171 853 3254 comprimitur
875 3191 976 3249 mens,

171 3312 219 3362 187
238 3307 353 3361 eternae
373 3306 432 3361 dr
483 3312 532 3361 160
549 3309 706 3360 Arvernum
725 3304 751 3358 T
803 3311 848 3361 161
869 3305 995 3376 spyohen
1014 3304 1076 3360 GT

104 3379 151 3428 1⁷5
169 3374 221 3429 heo
240 3375 299 3442 (bie)
319 3374 345 3428 Τ
412 3379 459 3429 178
477 3375 557 3428 nobis
577 3373 603 3427 Τ
636 3372 790 3441 equastiT
846 3380 894 3428 188
912 3371 1074 3427 Hethnieus

104 3441 161 3496 GT
193 3442 350 3498 Christiolis
369 3441 395 3495 Τ
464 3447 511 3496 183
528 3440 645 3512 Ligurgi
665 3439 723 3497 GT
