2370 3810
151 169 193 237 36
281 220 284 225 .
437 220 440 227 f
539 169 734 225 rfflosfflnl

102 340 141 383 asc
155 322 238 389 Tota
259 322 392 387 madens
413 323 553 388 lacrimis
575 322 620 387 ihi
643 325 747 388 mater
768 322 944 407 spiritualis

156 407 252 473 Nunc
275 406 474 492 desperatas,
498 429 583 472 nunc
605 408 721 492 aspicit
743 407 956 488 exanimatas,

155 490 239 568 Quas
260 492 409 578 plangat,
431 493 551 576 nescit,
574 494 721 577 geminus
743 492 834 557 dolor
855 495 893 557 et
909 491 1000 556 labor
1013 493 1121 578 angit,

154 575 256 660 Optat
276 581 310 641 et
329 578 401 661 ipsa
420 577 501 641 mori
523 578 733 660 comitemque
754 576 916 640 sororibus
931 575 1015 645 addi.
1039 583 1062 656 f.
1076 589 1123 639 avr

154 660 313 725 Femineis
335 661 443 725 tristes
464 661 590 726 ululant
611 661 821 746 plangoribus
844 660 947 724 aedas.

103 761 143 804 sss
158 742 241 819 Quid
270 744 437 809 facerent?
466 745 595 809 demum
615 751 692 829 post
712 745 950 810 funeramulta
978 765 1124 831 suarum,

152 828 229 893 Post
251 829 356 894 clades
378 831 483 894 varias
505 829 595 894 sedet
617 830 766 894 omnibus
788 850 853 893 una
874 829 1025 894 voluntas

154 914 284 998 Absque
306 936 397 980 mora
418 914 499 978 fidos
523 913 709 979 Wilbrordo
731 915 860 978 mittere
882 914 1011 993 missos,
1113 944 1120 953 ’

153 997 261 1064 Rebus
284 1000 376 1064 utin
398 999 510 1064 mersis
531 1002 721 1083 properaret
742 998 852 1063 adesse
874 997 1028 1063 levandis.

154 1081 302 1148 Festinus
324 1085 429 1165 venit,
453 1105 588 1149 cernens
609 1083 758 1169 lugubria
779 1082 884 1165 flevit,

101 1183 141 1225 ⁶6⁰
155 1166 187 1232 N
189 1170 293 1232 actare
315 1167 480 1232 doctrinae
501 1168 604 1233 vetuit
626 1166 770 1233 lamenta
790 1186 916 1249 sonare,

157 1249 284 1334 Optulit
304 1251 381 1315 hino
403 1273 523 1337 agnum
546 1254 765 1337 propeccatis
787 1252 1031 1334 holocaustum,

156 1337 303 1419 Agrium,
326 1337 380 1419 qui
403 1357 494 1401 sacra
515 1341 642 1421 stayros
664 1337 792 1402 oblatus
813 1337 849 1400 in
872 1356 928 1400 ara

158 1418 296 1483 Mortem
319 1419 497 1500 damnavit,
522 1421 624 1486 scelus
645 1421 737 1486 Adae
759 1421 918 1505 sanguine
940 1419 1031 1485 lavit.

159 1502 272 1570 (lerdis
293 1505 329 1568 in
351 1505 445 1570 altari
467 1527 535 1570 non
557 1505 681 1571 destitit
702 1506 771 1590 ipse
794 1504 944 1584 cremari,

105 1602 144 1646 ⁶6⁵
157 1586 244 1653 Dum
265 1589 445 1673 thymiama
466 1611 597 1674 precum
619 1592 707 1656 vexit
728 1589 932 1674 compunctio
953 1609 1086 1656 sursum

159 1672 210 1737 Ad
232 1673 354 1738 domini
376 1675 507 1758 solium,
531 1675 612 1740 caeli
632 1679 800 1759 terraeque
822 1676 979 1738 senatum.

155 1756 334 1822 Potandam
355 1758 520 1844 lympham
543 1759 631 1824 dedit
652 1781 707 1824 ore
730 1780 786 1823 suo
809 1756 1030 1842 benedictam,

157 1841 319 1907 [lustravit
340 1846 434 1907 vacui
456 1844 552 1908 cellas
576 1844 745 1929 aspergine
767 1841 913 1908 claustri:

157 1924 211 1991 Sic
233 1925 478 2010 exterminium,
499 1929 546 1993 sic
568 1929 705 1992 vindicis
726 1927 860 1994 abstulit
881 1926 981 1990 ictum

104 2021 143 2064 ⁶²⁰
157 2008 394 2094 Extentamque
416 2032 545 2076 manum
566 2012 710 2096 gladium
733 2034 772 2076 ue
797 2010 950 2096 repressit
964 2009 1129 2080 adactum.

160 2093 359 2159 Hierusalem
380 2095 534 2179 pulchrae
556 2100 633 2161 sunt
654 2034 773 2162 filidlae
795 2097 978 2173 restitutae,

159 2178 296 2244 Reddita
311 2180 397 2263 vita,
420 2181 505 2246 salus
527 2183 590 2262 est,
613 2181 701 2266 fugit
721 2202 823 2263 mors,
847 2178 1018 2245 cruciatus.

160 2263 296 2349 Amplae
317 2286 473 2349 personae
494 2270 583 2331 vetat
603 2266 665 2331 hcc
687 2267 763 2331 urbs
785 2265 894 2350 ampla
915 2263 1032 2330 latere:

159 2347 297 2413 Tantum
319 2351 409 2415 iuxta
430 2372 464 2415 se
486 2350 627 2434 gaudent
648 2351 735 2416 sidus
756 2350 897 2414 rutilare.

106 2442 145 2485 ⁶²⁵
200 2432 288 2498 XXI.
310 2433 439 2498 Accidit
460 2434 510 2499 his
533 2436 614 2499 actis
638 2435 764 2500 cuidam
785 2432 957 2518 temptatio
979 2433 1129 2516 grandis.

158 2514 302 2580 Territus
324 2521 373 2581 est
394 2519 560 2583 monstris:
585 2523 622 2584 ut
642 2524 764 2584 maesta
787 2521 901 2584 domus
924 2513 1099 2603 Regalis,

156 2599 276 2748 {pensi
299 2600 372 2664 dum
397 2600 494 2667 Sarae
516 2605 565 2666 tot
587 2603 628 2668 ab
650 2605 810 2669 Asmedeo
833 2604 973 2688 periere,

187 2686 217 2749 st
239 2684 383 2750 subiecta
404 2688 476 2770 pari
497 2686 639 2772 lugentis
660 2688 795 2775 pergula
816 2689 910 2753 cladi.

157 2768 279 2835 Indidit
300 2769 450 2836 horrores
469 2771 664 2856 phantasma
685 2793 806 2838 nocens
812 2821 821 2856 ,
843 2769 1017 2857 ephialtes,

106 2864 145 2906 ⁶0⁰
161 2854 227 2919 Aut
248 2854 336 2920 aliud
357 2857 509 2941 nequius,
531 2879 698 2942 pressurae
719 2857 860 2943 pondere
882 2856 995 2922 maius.

158 2937 233 3003 Non
254 2940 363 3023 potuit
384 2942 488 3025 cerni,
511 2962 577 3007 non
599 2943 702 3007 audiri
723 2963 826 3026 nequa
847 2943 955 3027 tangi,
1046 2949 1065 3004 f.
1078 2956 1130 3006 vv

157 3021 259 3088 Venit
280 3028 313 3088 et
334 3025 450 3106 exivit,
472 3026 582 3105 rediit,
605 3027 660 3092 sed
681 3049 776 3093 nemo
798 3027 944 3108 rescivit,

157 3103 227 3181 Quo
250 3107 446 3174 discessisset
466 3110 518 3176 vel
540 3111 664 3177 adesset
686 3133 724 3177 ac
745 3111 830 3175 unde
852 3111 995 3175 redisset.

158 3189 301 3276 Diripuit
322 3193 485 3276 praedam,
509 3197 669 3280 mantilia,
691 3216 848 3280 gausape,
871 3217 1032 3278 mensam,

225 3330 275 3381 666
293 3325 460 3395 dampnavit
483 3329 510 3384 G
583 3335 633 3384 666
650 3344 703 3383 con
723 3329 818 3385 unctio
843 3328 869 3384 G
942 3335 993 3386 666
1011 3331 1085 3386 coeli
1105 3332 1134 3386 Τ

157 3392 361 3448 atoariorum
385 3394 412 3449 T
494 3402 545 3451 674
566 3414 579 3450 s
600 3398 651 3451 dua
676 3396 702 3452 a
816 3403 867 3452 666
889 3400 947 3453 tem
967 3398 1045 3453 tacio
1070 3399 1132 3456 GT

151 3464 205 3514 676
224 3463 317 3516 mesta
341 3493 372 3504 -
393 3461 550 3536 Raguhelis
572 3415 631 3520 llT
715 3469 766 3520 tlt
789 3464 917 3535 eppaltes
967 3465 992 3518 Τ
