2370 3810
147 135 189 202 32
534 129 725 185 THIOFRIDI

149 286 199 352 Ne
223 285 392 370 quisquam
414 285 546 368 resciat,
570 283 645 347 dum
668 282 775 347 carnis
798 280 907 346 debita
928 281 1053 363 solvat,

150 370 200 437 Ne
222 371 321 435 robur
343 369 460 435 mentis
482 370 575 434 favor
598 371 728 433 enervet
749 365 926 451 popularis.

148 455 223 521 Non
266 454 381 539 ropriis
404 454 528 519 mentis
550 453 722 536 adscripsit
744 453 828 516 dona
849 450 982 535 salutis,

98 558 137 598 ⁴¹20
151 539 213 607 Sed
236 477 364 609 domino
387 538 463 622 soli,
486 539 644 603 virtutum
666 536 883 622 progenitori,

151 624 242 692 Infra
264 646 298 689 se
321 622 429 708 posuit
450 643 500 706 se,
525 623 625 688 crevit
646 625 679 686 et
700 622 774 686 inde
797 641 963 705 superse,
1043 662 1046 667 ,

152 710 278 777 Clarius
301 707 446 789 emicuit,
470 712 642 790 conceptus
664 706 785 771 lumine
807 706 898 770 luxit.

192 789 313 860 XVIII.
347 791 445 857 VenIt
460 791 522 857 iter
537 791 673 856 tendens
684 791 718 855 in
729 791 848 856 amicas
859 788 1001 872 hospitis
1012 788 1117 857 aedes.

150 877 278 962 Hospes
301 898 372 942 eum
395 877 499 942 studio
522 875 739 961 complectens
761 874 906 940 officioso

98 984 137 1026 crs
155 963 319 1048 Apposuit
339 984 483 1027 mensem
505 961 602 1026 variis
625 961 760 1045 dapibus
781 959 991 1037 cumulatam,
1060 992 1062 997 ·

151 1047 305 1131 Erubuit,
330 1048 413 1132 quod
437 1047 466 1113 ei
489 1045 606 1112 defecit
626 1067 709 1110 vena
731 1044 868 1109 Falerni.

152 1132 214 1199 Sed
236 1132 312 1197 vitis
335 1153 429 1197 verae
450 1132 573 1216 palmes
595 1129 721 1195 stillans
743 1130 865 1214 pietate

153 1216 319 1283 Succurrit
341 1216 427 1281 tristi
449 1217 530 1281 mira
550 1216 669 1280 virtute
692 1215 818 1280 rubori:

152 1300 272 1365 Pocula
294 1301 332 1364 de
355 1301 439 1365 vasis
461 1300 511 1365 bis
534 1301 619 1365 binis
641 1301 770 1365 miscuit
792 1298 870 1363 artis

100 1412 139 1454 rso
154 1384 282 1450 Vimine
305 1385 480 1466 contextis,
503 1383 641 1450 heminis
663 1387 816 1469 quattuor
837 1383 933 1467 aptis,

151 1469 297 1554 Suntque
320 1469 528 1553 quaterdeni
551 1471 759 1536 convivantes
781 1467 901 1533 satiati.

153 1554 243 1620 Sicut
265 1575 365 1637 aquae
388 1555 420 1620 iu
447 1555 471 1620 's
494 1555 568 1620 fons
588 1555 679 1639 puris
701 1553 834 1639 profluit
856 1551 949 1616 undis

152 1638 223 1705 Nec
245 1641 369 1738 patitur
390 1661 425 1705 re
450 1641 499 1705 uis
521 1641 555 1705 in
578 1661 611 1705 se
634 1639 799 1724 dispendia
819 1639 926 1715 venis,

154 1723 208 1791 Sic
230 1723 334 1809 hquor
356 1747 395 1790 ex
417 1725 549 1790 modicis
570 1723 722 1810 profluxit
740 1724 845 1789 viteus
868 1723 969 1787 obbia.

99 1826 140 1867 4³⁶
156 1809 267 1874 Gratia
290 1808 421 1875 donavIt
443 1810 520 1888 hoc,
544 1808 629 1893 quod
651 1812 767 1875 natura
788 1807 930 1892 negavit.

154 1892 322 1958 Frumenti
343 1916 481 1977 granum
503 1897 578 1978 post
600 1898 736 1958 mortem
758 1890 987 1958 vivificandum

154 1976 328 2041 Distribuit
350 1979 491 2062 quinque
513 1999 614 2062 panes
635 1979 670 2042 in
693 1976 781 2042 milia
803 1977 943 2063 quinque

154 2064 202 2126 Ac
224 2061 369 2146 geminos
414 2063 495 2127 isces
518 2062 580 2127 duo
602 2065 796 2127 testamenta
817 2065 983 2143 notantes3

154 2146 203 2211 Ex
225 2085 435 2230 pentateudri
457 2169 568 2212 mensa
592 2147 672 2212 dans
694 2147 816 2212 fercula
838 2147 939 2212 menti

100 2231 302 2297 consortem
324 2231 450 2317 pepulit
472 2232 566 2317 dape,
589 2232 685 2298 corda
706 2231 854 2297 famelica
876 2231 987 2315 fulsit,

155 2316 261 2382 Farsit
283 2318 476 2402 apostolicas
498 2319 548 2383 bis
570 2340 626 2383 sex
648 2318 687 2382 de
709 2316 870 2401 fragmine
885 2320 1022 2400 sportas.
1046 2325 1066 2380 f.
1079 2331 1122 2380 751

154 2399 241 2476 Quae
264 2402 387 2468 domini
409 2409 551 2467 mentem
572 2424 664 2467 mens
685 2401 819 2486 indaget
840 2401 980 2467 ratione!

154 2482 316 2567 Quidquid
330 2487 412 2568 vult,
428 2487 490 2550 hoc
505 2486 552 2568 fit,
570 2486 654 2570 quod
669 2507 737 2550 non
751 2486 829 2566 vult,
845 2507 912 2551 non
926 2487 1060 2570 penitus
1075 2488 1121 2552 fit.

154 2567 335 2633 Nobilitare
357 2591 451 2633 suum
473 2570 597 2635 meritis
620 2571 762 2635 decrevit
783 2571 964 2636 alumnum:

101 2670 141 2710 ⁴4⁵
155 2652 257 2717 Auxit
278 2656 316 2717 ut
337 2653 405 2737 ipse
428 2654 550 2740 cibum,
573 2655 662 2720 dedit
683 2656 758 2720 huic
780 2677 898 2740 augere
921 2657 1058 2739 lyaeum.

153 2737 316 2804 Convivae
339 2739 440 2804 saturi
462 2739 607 2806 novitate
629 2741 676 2805 rei
698 2741 846 2805 renovati

155 2823 194 2888 In
216 2824 396 2889 divinarum
420 2830 635 2924 prorumpunt
658 2825 786 2890 cantica
806 2824 946 2890 laudum.

196 2907 284 2973 XIX.
308 2908 451 2994 Dapsilrs
474 2911 609 2975 antistes
630 2914 723 2975 tanto
746 2910 806 2974 sub
828 2909 952 2975 bonore
970 2910 1123 2977 recedens

154 2992 194 3056 In
216 2993 297 3057 fines
319 2992 448 3060 Fresiae
471 2995 586 3060 statuit
606 2994 763 3060 maturius
786 2994 847 3078 ire,

102 3092 141 3133 ⁴50
156 3075 226 3152 Quo
250 3077 345 3142 satiet
367 3082 496 3163 gentem
519 3079 621 3144 divini
642 3081 735 3164 panis
757 3084 914 3164 egentem.

221 3233 272 3281 419
299 3229 428 3299 asscripit
455 3230 513 3285 GT
555 3237 628 3310 ,4¹22
655 3232 825 3300 concoeptus
853 3231 880 3287 G
924 3236 999 3310 ‚430
1024 3233 1125 3290 eminis

155 3295 354 3418 atterum
371 3370 422 3419 ru
437 3298 700 3434 {iustruit
761 3303 816 3421 tt
829 3299 995 3423 estest
1073 3308 1126 3426 tt

155 3430 307 3486 recaedens
326 3432 353 3487 G
420 3438 472 3488 450
490 3434 578 3488 saciet
598 3433 657 3489 GT
