2370 3810
153 166 194 232 58
543 162 732 218 rmornmr

102 338 140 380 res
153 318 263 384 Tertia
284 317 471 382 thesaurum
492 317 607 401 tenuit,
629 317 747 400 pignus
769 317 959 466 pretiosum,

153 402 290 468 Palliolo
312 405 433 466 tectum
455 405 544 466 texto
568 401 747 466 subtemine
794 422 892 465 erum.
916 439 959 448 —

153 488 226 553 Hoc
247 487 482 570 incorruptum,
505 486 596 551 nullo
619 486 708 550 senio
730 486 879 550 vitiatum

154 572 278 638 Pendet
298 571 480 657 praecipuis
502 572 588 635 inter
608 592 691 635 nova
712 569 812 654 pallia
832 570 924 635 festis

154 657 275 724 Contra
295 660 443 721 naturam
464 677 522 739 per
543 658 594 720 tet
615 654 759 720 durabile
780 654 894 719 saecla.
919 693 958 702 —

103 763 141 804 110
155 741 301 807 Accessit
347 740 457 824 ropius
480 739 576 805 decus
598 761 691 804 omne
713 740 778 804 suis
799 737 1012 825 hegumenus,

153 825 263 891 Fletus
286 846 303 889 e
350 825 406 909 dit,
429 824 576 908 precibus
599 825 736 907 suspiria
758 823 872 906 iunxit,

154 909 325 975 Inclinavit
347 930 390 993 se,
413 909 555 974 relevato
578 930 735 973 marmore
758 909 888 973 tumbae

154 994 245 1060 Vidit
266 1016 356 1060 soma
377 1014 502 1059 sacrum
524 1015 591 1058 non
613 994 648 1058 in
671 995 810 1058 cinerem
832 992 1017 1075 resolutum,

154 1079 227 1145 Non
250 1082 353 1163 putre,
376 1082 576 1163 corruptum,
602 1099 670 1142 non
692 1077 808 1144 vermis
830 1078 924 1142 fauce
946 1078 1116 1161 minutum,

102 1187 140 1228 115
154 1164 215 1231 Sed
239 1185 352 1228 sanum
397 1185 431 1227 er
453 1184 494 1241 se,
518 1185 584 1228 non
608 1165 714 1227 carnis
738 1162 937 1245 condicione,

153 1247 305 1312 Indutnm
328 1186 417 1330 pulla
438 1247 612 1311 monachili
635 1269 724 1312 more
747 1247 872 1312 cuculla

154 1332 377 1415 Contextaque
400 1332 475 1415 pilis
497 1332 620 1395 hirsuta
641 1336 730 1399 veste
754 1333 894 1415 caprinis

154 1417 205 1481 Ad
227 1416 448 1481 debellandam
471 1418 613 1481 mentem
635 1437 824 1502 carnemque
847 1415 1052 1482 domandam.

153 1500 276 1566 Pressit
298 1500 492 1565 aromaticus
515 1502 674 1567 cernentis
697 1503 820 1566 lumina
843 1501 960 1565 fumus.

103 1611 140 1652 no
154 1586 303 1651 Extraxit
325 1589 446 1651 costam
469 1607 528 1669 pro
551 1586 650 1650 sacris
673 1585 936 1667 distribuendam,

153 1671 272 1737 Palluit
294 1672 460 1755 attonitus,
483 1670 576 1736 dolor
598 1671 664 1735 eius
686 1671 801 1736 terruit
823 1673 928 1735 artus:

152 1756 213 1822 Elst
235 1756 314 1823 odor
336 1757 477 1835 emissus,
501 1755 590 1821 velut
612 1759 696 1820 esset
716 1756 761 1820 ibi
785 1755 960 1839 paradisus.

153 1840 295 1905 Advenit
315 1842 436 1906 morbis
458 1841 588 1925 quidam
610 1840 775 1905 confectus
797 1844 830 1905 et
851 1840 955 1921 annis,

155 1924 266 1990 Clarus
288 1924 411 2002 militie,
436 1925 511 1989 dum
532 1925 645 1989 militis
667 1925 773 1989 induit
794 1945 892 2003 erma,
983 1929 986 1936 '

103 2029 140 2070 ras
154 2006 226 2090 Sed,
249 2006 366 2071 vexilla
387 2009 495 2072 ferens
518 2029 589 2073 cum
612 2012 770 2073 sterneret
792 2010 896 2074 acrius
919 2006 1040 2092 hostes,

153 2092 275 2176 hapsus
299 2113 380 2176 equo
403 2093 500 2157 iacuit
522 2093 733 2177 prolapsaque
755 2095 878 2158 viscera
901 2092 983 2157 luxit

153 2177 223 2243 Nec
246 2177 405 2242 medicina
426 2178 518 2263 gravi
540 2178 646 2261 potuit
667 2177 818 2261 prodesse
840 2177 950 2242 dolori.

154 2264 328 2347 Assumpta
351 2261 473 2329 Christi
496 2284 589 2328 cruce
611 2263 707 2347 liquit
728 2263 839 2327 inania
860 2261 973 2326 mundi

154 2347 348 2432 Pignoribus
371 2349 508 2432 geminis
532 2349 647 2413 oblatis
670 2350 745 2412 ante
767 2347 928 2423 modestis.
1037 2352 1058 2411 f.
1071 2359 1121 2408 oo*

102 2454 140 2494 rso
154 2431 216 2496 Hic
237 2435 418 2516 prostratus
441 2433 530 2496 humi
552 2434 635 2516 petit
657 2432 812 2497 intestina
833 2430 975 2515 refundi3

156 2515 222 2580 Nec
244 2516 451 2579 defraudatus
474 2517 578 2580 brevis
601 2516 740 2582 utilitate
762 2521 909 2601 precatus

153 2598 297 2663 Membra
319 2598 504 2681 pavimento
526 2600 601 2663 dum
623 2600 763 2687 subrigit
784 2623 882 2686 aegra
903 2600 1081 2679 tremendo,

154 2683 276 2748 lnscius
297 2684 333 2747 in
354 2684 465 2748 tumbe
488 2684 605 2749 collisit
626 2688 811 2769 posteriora,

154 2767 290 2834 Attrivit
311 2768 443 2847 modice,
468 2769 618 2834 virtutem
643 2772 744 2835 sensit
766 2771 892 2836 adesse:

101 2873 139 2915 res
153 2853 236 2920 Sunt
257 2855 292 2918 in
314 2853 388 2919 sede
411 2875 469 2918 sua
490 2854 602 2919 vitalia
623 2854 714 2940 lapsa
735 2856 849 2936 locata,

153 2938 191 3001 ln
213 2939 333 3003 ventris
355 2939 450 3004 theca
472 2943 549 3005 sunt
571 2939 688 3023 abdita,
713 2943 788 3004 sunt
810 2939 957 3004 solidata.

153 3021 269 3106 Sospes
291 3026 375 3105 avet,
397 3023 521 3109 plaudit
543 3025 735 3108 laudumque
758 3024 943 3108 quilismata
964 3024 1094 3107 pangit,

153 3106 234 3172 Cum
258 3112 350 3172 coetu
372 3108 483 3191 populi
507 3110 594 3174 canit
615 3109 728 3174 inolita
750 3109 855 3174 contio
878 3109 965 3175 cleri.

221 3264 270 3315 105
292 3256 392 3312 Tereia
416 3259 474 3314 GT
510 3261 668 3330 preciosum
693 3260 752 3315 GT
830 3267 878 3315 108
896 3259 1039 3329 precipuis
1064 3260 1123 3315 GT

154 3331 201 3380 loo
220 3326 295 3381 secla
313 3325 371 3380 GT
444 3333 492 3382 110
509 3343 666 3399 ygumenus
685 3327 743 3382 GT
816 3334 863 3382 122
881 3327 1038 3398 paradysus
1064 3328 1123 3384 GT

153 3398 202 3448 124
219 3393 325 3449 milicie
349 3393 410 3449 GT
480 3401 528 3450 131
553 3411 622 3464 egra
646 3395 703 3450 GT
777 3401 825 3451 138
849 3396 932 3451 caetu
956 3395 982 3451 G
1009 3398 1074 3452 cetu
1098 3396 1123 3450 Τ

151 3461 259 3532 inclyta
277 3462 373 3518 concio
393 3463 450 3517 GT
