2324 3832
349 106 431 163 ulus
448 107 698 164 WILLIBRORDI
717 107 888 163 nauales.
917 108 1031 163 LIB.H.
1132 111 1153 176 3

241 254 347 325 Condidi
381 282 420 327 ex
440 260 545 327 nihilo
567 260 716 325 distinxit
736 265 770 325 et
791 260 903 324 ordine
925 267 1022 327 certo.

203 337 390 413 usitamus
411 347 545 431 plenum
567 366 624 411 vas
646 346 784 410 reddidit
806 351 1007 411 evacuatum.
1097 356 1162 410 tr

267 426 353 496 XVII.
375 430 434 496 nse
455 430 554 496 simili
568 431 663 517 signo
678 430 780 495 virtus
795 430 897 515 patris
913 433 1026 516 agnita
1041 433 1157 499 mund·

236 508 377 598 Dispositis
400 520 490 581 extra
512 538 595 601 quae
617 536 761 600 congrua
783 520 860 580 sunt
882 516 942 581 sibi
965 517 1052 599 visa,

235 592 365 666 Interiora
385 602 435 668 sui
457 601 572 667 statuit
593 599 762 685 disponere
784 601 926 667 claustri.

234 676 312 749 Venit
331 691 362 752 et
382 691 431 752 est
452 686 551 771 epicis
575 690 741 771 susceptus
762 690 800 751 ut
822 687 956 772 angelus
979 686 1120 773 hymnis.

46 784 66 838 f.
77 792 125 841 73*
198 762 351 836 ullemtrs
371 772 524 838 salutauit
546 775 656 855 caput,
678 792 789 836 omnes
811 771 999 837 laetificavit

215 846 268 941 ¹lle
284 876 313 920 se
332 856 523 941 pendentes,
546 856 687 939 suscepit
708 856 936 940 suscipientes,

232 932 327 1005 Oscula
346 941 474 1026 libavit,
497 939 662 1006 doctrinae
684 941 780 1005 melle
803 942 933 1005 cibavit.

230 1017 330 1091 Circuit
350 1026 510 1091 aediculas
532 1025 686 1090 fraternis
707 1026 818 1091 usibus
841 1029 948 1110 aptas,

27 1105 36 1117 '
90 1114 121 1179 ⁶,
228 1102 341 1193 Siquid
361 1111 553 1194 collapsum,
576 1111 604 1174 si
626 1110 702 1194 quid
725 1111 810 1175 foret
831 1111 1074 1177 aedificandum.

192 1186 349 1261 sulutravit
368 1217 519 1280 promum
541 1194 624 1259 nihil
645 1195 708 1260 hac
722 1196 792 1262 vice
807 1217 953 1280 promere
966 1201 1155 1281 promptum

225 1271 269 1341 Nil
285 1279 409 1346 invenit
430 1281 489 1363 ibi,
513 1280 632 1344 defecit
653 1281 746 1365 copia
767 1282 851 1363 vini,

224 1355 271 1427 au
288 1369 397 1430 tamen
419 1364 555 1449 exiguus
577 1364 681 1449 liquor
703 1387 767 1430 uno
790 1388 866 1431 vase
888 1372 1044 1451 repertus.

222 1442 344 1514 Inmisit
363 1449 515 1515 baculum
536 1470 595 1533 pro
618 1454 849 1517 sustentamine
872 1458 996 1537 gestum

220 1531 336 1598 Auxilio
357 1534 450 1611 fisus,
474 1534 564 1599 cuius
580 1534 705 1601 'virtute
731 1535 893 1620 lecythus,

182 1612 271 1681 urPer
290 1638 386 1703 quem
408 1640 481 1704 spes
506 1618 618 1684 viduae
639 1624 750 1693 manet
772 1620 885 1702 hydria
911 1619 1008 1703 plena
1035 1618 1155 1683 farina

216 1702 260 1767 sd
281 1704 372 1769 cuius
394 1708 509 1769 nutum
531 1726 667 1769 manans
689 1705 793 1769 oleum
816 1705 905 1788 prius
929 1704 1080 1768 haustum

213 1784 352 1853 Infusum
375 1788 493 1874 typicis
515 1789 587 1854 fluit
609 1789 648 1854 ad
671 1788 832 1874 spiracula
854 1789 957 1872 vasis,

210 1870 367 1939 Persolvit
388 1874 509 1938 meritis
531 1873 653 1939 Elisaei
676 1875 783 1939 debita
804 1876 927 1939 matris.

209 1954 288 2023 Tota
309 1962 418 2023 mente
439 1979 552 2043 preces
575 1959 699 2023 divinas
721 1960 806 2024 fudit
829 1961 863 2024 in
886 1980 992 2039 aures,

167 2040 274 2111 ruNec
295 2043 417 2108 frustra
437 2044 546 2128 petiit,
570 2064 645 2107 nam
667 2045 779 2109 bacchi
802 2046 892 2129 potio
914 2047 1031 2125 crevit,

207 2124 392 2213 Oenophori
413 2150 531 2193 vacuas
553 2128 703 2213 implevit
725 2129 860 2192 adaucta
883 2149 1051 2208 cavernas,

205 2208 411 2278 Humectavit
431 2211 579 2290 humum,
606 2215 758 2276 damnum
779 2234 847 2276 non
870 2212 982 2274 intulit
1004 2212 1117 2274 ullum.

202 2294 268 2361 Ros
288 2297 400 2376 latuit,
422 2299 552 2382 penoris
576 2301 682 2362 custos
704 2297 810 2376 venit,
834 2295 1006 2374 reseravit,

203 2378 294 2446 Vidit
316 2386 349 2447 et
371 2382 554 2467 obstupuit,
578 2382 693 2447 clausit
714 2382 894 2467 tacitusque
916 2380 1064 2465 recessit3

151 2501 191 2539 uo
204 2463 314 2533 Solum
338 2467 427 2531 solus
449 2467 531 2552 adit,
555 2468 679 2533 domiui
701 2468 866 2553 magnalia
887 2467 1010 2553 pandit.

202 2548 335 2617 Praesul
357 2556 444 2626 avet,
469 2556 577 2637 grates
600 2555 681 2638 agit,
705 2554 798 2620 offert
820 2558 996 2634 crusmata,
1021 2554 1139 2621 laudes.

202 2633 245 2701 Se
264 2656 332 2701 non
356 2636 496 2721 extollit,
519 2639 654 2702 memori
675 2639 731 2703 sed
752 2644 861 2703 mente
883 2639 1036 2720 revolvit,

203 2718 295 2796 Quod
310 2721 558 2787 transformatus
570 2721 700 2788 Thabor
715 2744 809 2807 super
821 2723 921 2787 ardua
934 2721 1082 2786 Christus
1096 2731 1114 2783 f.
1122 2736 1156 2784 74

201 2802 395 2891 Mysterium
417 2808 500 2871 tanti
523 2808 612 2871 visus
635 2808 739 2872 vetuit
760 2807 932 2870 memorari

144 2926 187 2965 415
200 2890 289 2955 Ante
311 2891 361 2955 sui
383 2912 544 2957 summurn
566 2894 654 2957 victa
677 2894 715 2956 de
737 2891 842 2955 Morte
864 2888 1077 2971 triumphum.

199 2973 361 3060 Exemplo
385 2976 502 3041 celebri
524 2977 616 3042 iubet
637 2977 699 3040 hoo
722 2977 760 3040 de
783 2996 817 3040 se
839 2973 978 3054 reticeri,

268 3149 320 3200 384
352 3144 486 3199 destinxit
520 3145 546 3199 T
629 3150 680 3199 339
714 3161 811 3199 suseae
832 3146 879 3198 tus
913 3141 939 3197 G
991 3142 1085 3209 ymnis
1117 3144 1162 3195 (μ

201 3216 252 3267 399
276 3211 425 3291 letificavit
451 3213 478 3266 T
561 3219 609 3268 391
638 3212 779 3289 suscaepit
807 3163 832 3267 G
918 3217 967 3266 393
995 3206 1119 3263 ediculas
1161 3247 1162 3254 ,

200 3284 251 3333 394
270 3279 456 3334 edificandum
481 3281 507 3334 Τ
578 3287 627 3335 398
650 3280 760 3333 lnmrsrt
786 3280 812 3335 G
890 3285 940 3334 399
962 3276 1026 3332 lech
1046 3278 1091 3329 tus
1117 3276 1162 3331 Gt

201 3352 251 3403 493
274 3346 391 3415 Helysei
410 3347 467 3402 GT
542 3355 593 3403 405
637 3348 749 3403 eciitG
783 3347 868 3402 bachi
884 3347 967 3417 pooio
987 3294 1046 3401 Gi
1120 3350 1162 3398 40

203 3414 364 3482 Aenophori
383 3415 410 3471 G
427 3365 639 3485 Aenophoroi'
694 3423 743 3471 410
763 3417 833 3470 adiit
852 3416 878 3469 Τ
931 3422 979 3470 411
1000 3412 1142 3470 PresulG
