2370 3810
251 167 343 223 VITA
361 167 612 224 WILLIBRORDI
630 167 811 229 Marmor,
836 168 904 224 LIB.
921 169 958 224 Π.
1044 171 1086 238 35
1110 125 1112 130 Ι

117 320 276 386 Esthuic
299 325 332 385 et
353 320 463 384 multis
486 324 659 405 generatus
681 341 778 386 causa
801 322 932 406 salutis3

117 404 208 470 Mors
231 408 263 469 et
284 405 365 482 vita,
391 404 476 469 salus
498 408 531 469 et
552 404 706 490 languor,
729 407 851 490 gratia,
874 407 977 474 virtus

66 509 107 551 sao
119 488 170 556 Ex
191 493 274 554 nutu
296 488 420 554 domini
441 491 558 573 parent
578 490 646 554 eius
669 490 799 556 dicioni.

158 572 230 639 XX.
265 573 412 639 Treveris
437 577 487 638 est
511 574 628 660 ingens
654 574 882 722 urbshGallica
908 597 1009 662 regna
1037 599 1091 643 co·

49 691 52 694 ·
750 680 860 725 eruens

116 741 244 808 Victrix
266 741 400 821 militia,
424 742 633 826 dominatrix,
658 743 760 808 altera
781 708 901 829 Romi,
924 761 926 765 ’

115 826 225 892 Plebis
247 826 342 907 scita,
365 829 473 911 patres
496 827 594 891 babet
615 847 653 892 ac
674 828 746 893 lora
767 828 916 913 iuraque,
939 829 1043 915 leges,

116 909 177 976 Est
200 915 297 995 caput
318 910 485 995 Europae,
514 915 610 996 caput
632 915 681 976 est
701 933 784 997 quae
807 912 1086 998 cosmographiae,

10 1008 15 1012 ·
61 1013 103 1055 aas
117 993 262 1060 Urbibus
284 997 425 1081 antiquis
447 996 612 1080 antiquior
635 999 684 1061 est
705 997 923 1062 monimentis.
1001 1005 1020 1060 f.
1038 1011 1087 1060 vav

91 1088 94 1093 ’
115 1078 200 1145 Nam
223 1080 311 1145 velut
332 1101 371 1146 ex
392 1080 504 1146 tumba
525 1085 711 1165 promunte
734 1080 927 1165 igrammata
942 1087 1083 1167 sumpta,

123 1163 309 1230 Semiramis
330 1164 419 1230 Nino
441 1168 601 1249 regnante
624 1102 762 1248 superba
783 1166 899 1231 marito

53 1290 57 1295 -
121 1247 198 1314 Non
219 1249 260 1314 ab
283 1270 321 1314 eo
344 1249 438 1314 dictis
461 1252 612 1314 contenta
634 1250 701 1314 suis
722 1248 879 1315 Ninivitis

119 1332 273 1399 Extruxit
296 1334 379 1400 cocti
401 1333 512 1399 lateris
534 1356 661 1399 murum
684 1333 878 1420 Babylonis,

61 1417 207 1484 ooolloas
228 1422 344 1503 gentes
367 1418 452 1484 bello
474 1418 535 1483 sibi
558 1419 700 1483 subdidit
722 1440 850 1504 omnes,

115 1501 244 1568 Fraude
266 1503 429 1568 novercali
450 1503 613 1587 privatum
636 1503 776 1569 culmine
797 1505 892 1590 regni

117 1587 315 1673 Privignum
333 1588 441 1673 patria
462 1587 599 1652 detrusit
620 1592 653 1652 et
674 1589 754 1652 urbe
775 1593 920 1673 paterna.

118 1671 183 1738 Hic
206 1693 265 1757 per
287 1676 336 1737 tot
357 1676 487 1757 gentes,
510 1693 569 1756 per
589 1675 639 1736 tot
660 1672 804 1770 migrans
826 1674 976 1757 regiones

119 1756 286 1821 Piscosum
310 1758 442 1823 tandem
464 1755 619 1821 Mosellae
641 1759 733 1820 vemt
754 1756 790 1820 in
812 1777 941 1822 amnem

59 1840 148 1906 seso
173 1841 319 1926 tavitque
342 1841 444 1905 solum
468 1840 642 1905 condendis
664 1841 832 1906 moenibus
854 1844 982 1925 aptum,

120 1863 244 1990 Uiben]
267 1925 464 2010 praeclaram
487 1925 617 2001 statuit,
641 1948 700 1990 sua
721 1928 850 1991 moenia
872 1925 962 1991 vidit.

122 2009 257 2077 Trebita
280 2030 398 2074 nomen
421 2012 467 2074 ei:
491 2009 547 2074 dat
567 2031 685 2075 nomen
708 2009 857 2075 Treberis
878 2010 967 2094 urbi,

121 2095 231 2160 Armis
252 2095 407 2160 finitimos
430 2094 554 2159 domuit
575 2095 736 2180 longeque
758 2100 913 2175 remotos,

120 2178 236 2245 Exulis
259 2179 294 2243 in
317 2178 399 2244 solio
422 2181 573 2264 regnavit
594 2178 679 2243 filius
701 2177 799 2244 Hero
896 2201 898 2205 ’
923 2207 927 2215 ’

65 2287 107 2328 mo
120 2262 184 2329 Hic
206 2262 320 2329 mundi
342 2263 492 2328 dominae
515 2262 628 2327 domus
650 2266 699 2326 est
721 2264 868 2325 extructa
889 2260 1023 2339 Mariae,

116 2347 275 2413 incolitur
297 2348 394 2414 castis
417 2347 567 2412 cosmatis
589 2347 639 2410 vir
665 2346 672 2359 '
696 2345 796 2421 itatis,

116 2430 229 2498 Saevit
249 2432 294 2497 ibi
318 2430 417 2498 validi
439 2435 615 2516 tempestas
661 2430 768 2495 orrida
789 2429 908 2510 morbi,

113 2516 175 2583 Vir
201 2517 266 2582 'nei
288 2517 383 2582 flores
405 2517 615 2582 immutavere
638 2516 777 2596 colores,

117 2600 178 2666 Pal
191 2602 241 2667 uit
263 2623 412 2668 arescens
433 2623 523 2684 rosa,
546 2601 676 2667 fuscant
697 2600 766 2665 lilia
788 2602 906 2684 sentes,

59 2706 102 2749 aas
116 2684 292 2772 Languent
310 2686 446 2752 ancillae
465 2686 589 2752 domini
610 2685 716 2751 forma
737 2684 916 2769 speciosae.

115 2768 164 2836 Ut
185 2790 241 2836 rex
264 2771 414 2837 interitus
437 2771 565 2837 calcans
588 2791 703 2855 aegros
725 2789 822 2852 super
843 2771 930 2832 artus

114 2853 278 2932 Quasdam
299 2856 422 2939 finivit,
444 2856 584 2940 reliquas
608 2855 668 2920 sub
690 2856 793 2918 morte
816 2851 959 2949 reliquit,

114 2938 193 3007 Non
223 2943 334 3006 tantae
356 2941 470 3025 plagae
493 2942 649 3006 succurrit
671 2960 752 3023 opus
774 2935 968 3017 medicrnae,

118 3023 242 3091 Luctus
263 3025 384 3109 ubique
407 3028 517 3106 sonat,
541 3025 701 3110 singultus
723 3024 857 3108 pectora
879 3021 995 3104 pulsat.

112 3265 163 3317 ue
181 3192 411 3340 turstatt
437 3193 947 3338 assumturus
966 3189 1087 3312 huet

113 3358 146 3368 -
164 3327 308 3383 Babiloms
328 3325 386 3383 ef
459 3331 509 3381 oet
531 3325 678 3381 maenibus
698 3326 725 3381 G
802 3332 851 3381 636
874 3325 1039 3393 preclaram
1054 3353 1091 3362 —

111 3396 225 3452 maenia
248 3394 275 3451 G
350 3401 400 3450 539
418 3391 573 3449 ExsulisT
609 3393 677 3449 solis
701 3393 725 3450 T
802 3398 857 3450 tto
876 3390 1034 3446 exstructa.
1048 3383 1109 3435 (ὶῖ

111 3469 163 3520 642
180 3462 260 3519 Sevit
275 3463 305 3518 Τ
367 3469 419 3522 543
435 3463 667 3523 inmutavereG
741 3469 797 3520 ott
817 3473 912 3530 egros
929 3455 962 3567 (ᾗ
