2370 3810
93 150 132 215 18
481 145 669 201 5555055505

91 301 197 368 Roma
218 299 403 385 plaudente,
426 300 579 384 suffragia
600 304 691 363 sueta
712 298 836 362 ferente

91 385 196 452 Unxit
218 407 302 467 eum,
325 385 421 470 fungi
443 385 531 450 dedit
552 384 665 449 ordine
686 382 877 468 pontificali.

37 490 77 530 rsa
93 470 196 548 Quam
217 471 290 555 pius
313 474 345 534 55
366 472 507 536 clemens
531 471 626 552 foret,
650 469 716 533 alta
738 472 845 532 mente
866 469 1055 536 revolvens

90 556 220 622 Nomen
242 555 381 620 mutavit
403 557 465 620 sibi
488 553 749 636 Clementemque
772 553 903 617 vocavit
979 564 986 571 “

90 641 165 708 Sole
187 639 343 705 Kalendis
365 641 400 704 in
423 639 513 703 denis
535 641 661 704 oriente
684 638 871 720 decembris,

90 725 258 810 Progeniti
280 723 369 788 verbi
393 725 468 788 dum
492 724 629 788 circulus
653 724 731 788 exiit
753 723 830 786 anui

90 810 154 875 Par
176 814 388 874 sexcentenus
410 830 515 874 nonus
537 809 648 873 novies
675 807 862 891 decuplatus

39 915 78 957 550
93 898 142 960 Ac
163 916 230 959 non
252 895 364 959 finitus
386 894 482 959 solari
504 893 633 959 cardine
655 892 797 976 quintus.

89 980 238 1045 Detinuit
260 1001 368 1045 secum
391 980 521 1044 caelesti
543 1000 676 1042 munere
696 976 854 1052 functum,

89 1066 315 1149 Perspicerent
336 1068 374 1128 ut
395 1088 429 1128 se
451 1063 617 1129 cherubim
639 1063 711 1138 duo,
736 1061 828 1126 zodia
849 1061 948 1142 vitae,

88 1150 302 1214 Percuterent
324 1150 441 1213 vinctis
464 1154 501 1212 ut
523 1170 556 1212 se
579 1148 717 1213 vicinius
739 1147 807 1210 alis.

90 1234 234 1299 Alternis
256 1234 382 1297 vicibus
403 1234 515 1317 tetigit
536 1255 569 1298 se
591 1236 705 1297 mutua
727 1233 839 1295 virtus.

38 1340 77 1379 505
92 1318 183 1404 Ignis
206 1317 334 1381 divinus
356 1320 568 1402 perverbum
591 1317 629 1381 de
651 1321 743 1402 patre
764 1317 881 1380 missus
982 1325 1068 1382 too*

89 1407 270 1468 Accensum
294 1402 333 1467 55
355 1425 389 1467 55
412 1403 563 1467 lustravit
585 1424 640 1467 cor
660 1404 837 1485 utriusque,

89 1488 166 1553 vivi
189 1488 342 1552 carbones
365 1490 450 1552 vitae
472 1492 599 1552 traxere
623 1487 753 1564 calores,

88 1573 241 1639 Lucidius
264 1574 386 1638 meritis
408 1573 559 1637 lucebant
580 1572 727 1656 lampade
750 1571 837 1652 solis,

89 1660 291 1725 Alterutrum
312 1660 396 1743 pasti
419 1663 495 1722 sunt
517 1680 590 1722 esca
610 1656 778 1741 spirituali.

38 1763 76 1804 500
92 1744 194 1810 Sciuit
215 1744 378 1808 matheten
401 1743 580 1807 didascalus
603 1742 725 1825 optima
747 1741 838 1821 scire,

87 1829 126 1892 Pi
151 1851 230 1892 nera
253 1833 438 1892 sanctorum
462 1828 550 1892 dedit
571 1828 646 1891 huic
669 1848 785 1890 munus
808 1825 999 1908 pretiosum.

164 1912 221 1978 Ill.
254 1913 404 1976 Ditatum
428 1913 520 1975 donis
543 1913 591 1975 bis
614 1915 737 1995 septem
759 1910 879 1995 solibus
903 1911 986 1974 actis

88 1996 220 2061 Dimisit
241 1998 402 2078 reducem,
426 1996 566 2060 lacrimis
589 2000 730 2060 testatur
752 2016 903 2060 amorem.

88 2083 251 2147 Dimissus
274 2082 380 2164 rediit,
404 2081 604 2146 Francorum
625 2101 727 2164 regna
747 2080 867 2144 revisit.

37 2187 76 2227 505
91 2167 267 2233 0555555555
289 2168 349 2231 viri
373 2187 446 2232 cnm
470 2166 608 2251 Pippino
631 2165 710 2229 duce
732 2166 861 2247 summi,

91 2253 214 2318 Summi
236 2254 359 2318 divitiis
381 2255 421 2318 ab
444 2253 512 2317 avis
535 2255 568 2316 et
588 2251 766 2315 honoribus
788 2249 914 2334 amplis.

89 2338 201 2404 Olerus
224 2342 306 2417 avet,
330 2339 445 2402 iubilat
466 2338 557 2422 plebs
580 2337 685 2401 omnis
708 2338 741 2400 55
762 2334 1017 2420 hymnologiaat

90 2425 217 2487 Assunt
239 2424 395 2502 certatim,
419 2423 498 2485 dant
519 2422 629 2485 oscula
650 2422 714 2484 fida
735 2421 885 2502 vicissim,

89 2506 165 2570 Non
188 2507 372 2570 exultarent
394 2506 475 2588 plus,
499 2506 525 2568 si
548 2506 626 2568 deus
647 2506 716 2589 ipse
737 2507 872 2570 veniret.

37 2609 75 2649 550
90 2591 151 2655 Ε55
172 2590 276 2655 honor
297 2591 463 2673 impensus
485 2590 547 2654 sibi
570 2612 721 2668 summus,
745 2595 814 2654 erat
831 2591 907 2674 quia
923 2589 1060 2675 dignus:

87 2674 149 2739 Est
170 2675 387 2739 Traiectensis
411 2675 486 2739 data
508 2675 597 2739 sedes
620 2674 826 2759 pontificalis,

88 2759 185 2826 Sedes
208 2761 272 2825 iam
296 2781 362 2824 non
386 2760 560 2840 aedificata,
584 2761 639 2824 sed
662 2760 868 2824 aedificanda.

88 2845 265 2931 Viltaburg
287 2847 387 2927 venit,
411 2846 544 2911 veniens
566 2847 655 2930 prius
677 2846 762 2909 unde
784 2844 927 2926 recessit,

88 2929 285 3016 Navigiique
308 2952 422 3017 graves
444 2931 541 3015 liquit
562 2932 621 2994 sub
644 2931 707 2994 fine
730 2930 864 2995 labores.

35 3032 75 3073 50·
88 3014 220 3080 Invenit
241 3037 377 3080 messem
400 3015 535 3081 multam
557 3036 698 3080 messore
721 3019 893 3098 carentem,

88 3099 231 3184 Optavit,
255 3121 313 3183 per
334 3121 415 3184 quos
436 3103 546 3185 posset
568 3101 730 3165 cumulare
752 3100 921 3183 maniplos.

154 3250 349 3306 483suactuG
388 3252 581 3306 l9icelestiT
617 3251 851 3306 492cherubinG
886 3257 935 3305 497
946 3251 1059 3307 colores

87 3320 113 3375 Τ
145 3325 195 3374 490
208 3318 328 3374 555556
374 3325 424 3374 500
441 3319 768 3440 mathytendpdascalus
784 3321 842 3375 GT
879 3325 925 3373 501
945 3321 1060 3388 precio·

87 3404 148 3441 sum
168 3388 194 3442 G
233 3394 282 3442 502
300 3387 426 3441 bonisT
467 3394 516 3442 507
534 3403 618 3456 ymno
631 3395 734 3454 osyzat
753 3388 813 3441 GT
855 3393 904 3441 550
921 3387 1061 3456 inpensus

89 3456 147 3510 GT
195 3462 243 3510 512
262 3455 393 3511 edificata
410 3487 443 3496 -
462 3455 621 3510 edificanda
640 3455 697 3508 GT
753 3463 802 3510 sla
818 3454 985 3520 Viltalburg
1004 3454 1032 3509 G
