2324 3832
250 114 341 171 vm
361 114 612 173 wmmanoam
629 114 803 172 marmor.
829 115 898 175 LIB.
916 115 962 172 IV.
1049 119 1089 184 61

126 267 210 335 Nem
231 288 248 333 s
308 269 356 333 ies
376 269 490 334 niveae
511 268 619 354 dignis
642 270 692 333 est
713 267 782 332 visa
804 269 970 336 columbae

128 353 240 438 [lupen
261 354 327 418 isse
347 374 423 419 suas
444 353 628 438 eupetalos
649 352 789 438 agminis
811 353 888 421 alas.

130 438 204 503 Ales
223 438 302 504 felle
323 450 446 517 ondens,
467 442 519 503 tro
542 439 593 503 ico
614 437 823 517 theoremate,
845 438 986 504 caudens
1009 474 1048 488 -

129 522 235 588 Instar
255 523 326 588 aris
347 523 475 671 tppicae
528 544 568 588 oe
590 521 650 587 sub
672 521 900 606 cataclysmate
924 524 1049 608 missae,
1091 600 1096 611 ³

86 606 167 672 nolu
188 607 284 673 decus
306 608 460 673 eccesiae
482 628 564 692 quae
585 627 711 671 ramum
732 608 820 672 texit
841 606 944 674 olivus

128 690 228 772 Pacis,
251 692 405 776 baptismi
426 693 567 778 siguum,
591 690 793 757 charismatis
816 692 874 757 alti
896 731 938 742 -

131 776 203 842 Ales
224 780 317 842 tanta
338 777 427 842 volat
461 777 544 841 vires
566 776 773 860 animumque
794 777 959 844 ministrat

131 858 196 927 Neo
214 861 305 946 prius
324 826 476 946 abscedit,
492 882 588 946 quom
608 860 725 926 victrix
746 865 853 926 turma
872 862 993 928 recedit
1014 870 1035 927 f.
1047 874 1093 925 ear

133 946 257 1031 Absque
278 946 329 1010 sui
351 946 468 1011 damno
490 946 575 1012 laeto
597 944 702 1010 ditata
723 949 867 1030 tropaeo.

91 1026 196 1095 mSub
217 1030 328 1096 damni
350 1031 455 1116 speeie
477 1030 538 1097 soli
560 1033 626 1095 tres
648 1032 812 1114 oppetiere

131 1112 203 1181 Non
223 1114 287 1180 nisi
309 1136 368 1199 per
389 1115 565 1200 proprium,
588 1136 646 1180 ceu
668 1114 777 1199 prodit
798 1115 894 1199 fama,
916 1119 1050 1181 reatum.

133 1196 246 1265 Coetus
269 1201 430 1283 convenit,
455 1200 506 1264 cui
528 1199 574 1264 sic
596 1199 730 1264 victoria
752 1200 856 1280 cessit,

132 1280 257 1368 Votum,
279 1283 364 1369 quod
386 1284 487 1367 vovit,
511 1283 712 1349 confirmavit
742 1286 919 1351 renovavit.

132 1366 288 1453 Prmcipis
311 1368 407 1434 enee
429 1335 827 1434 miliasescenta

94 1450 318 1518 mWilbrordo
339 1454 433 1538 patri,
457 1452 620 1518 defensori
642 1454 784 1538 speciali,

132 1535 316 1621 Epternach
338 1537 436 1614 misit,
458 1537 578 1602 servari
599 1539 697 1603 missa
717 1540 843 1623 petivit,

132 1620 248 1687 Essent
268 1625 305 1687 ut
326 1622 412 1687 tanti
433 1623 668 1688 monimentum
689 1624 764 1707 iuge
786 1620 954 1706 triumphi.

171 1705 323 1773 XXXVI.
365 1705 428 1772 Sed
464 1728 521 1773 ceu
557 1728 608 1771 res
643 1726 757 1791 parvas
794 1706 898 1770 reddit
928 1705 1097 1772 concordia

741 1811 885 1877 magnus,

134 1872 185 1939 Sic
206 1874 287 1940 facit
308 1896 347 1940 ex
369 1877 498 1961 mugnis
520 1896 635 1960 parvas
658 1875 816 1942 discordia
836 1876 979 1963 grands.

91 1978 122 2018 ue
135 1957 201 2025 Hoc
222 1959 308 2025 bello
329 1960 468 2045 populus
491 1981 636 2045 concors,
657 1961 823 2027 affectibus
844 1983 937 2039 unus,

133 2042 246 2109 Viator
267 2044 310 2109 ab
332 2045 474 2109 externis
496 2066 605 2111 versus
626 2048 785 2131 vertigine
811 2046 903 2111 bellis

133 2128 173 2194 Iu
193 2149 228 2194 se
250 2129 413 2194 convertit
433 2150 620 2194 mucronem
643 2151 676 2195 ee
699 2153 738 2194 uc
760 2130 907 2213 peremit,

134 2211 268 2278 Victrioi
290 2212 403 2278 dextra
423 2234 481 2278 sua
502 2213 626 2278 viscera
647 2152 732 2277 fuid
753 2217 786 2277 et
808 2216 891 2276 exta.

134 2294 194 2362 Est
215 2297 407 2362 intestinum
430 2297 612 2363 confectum
636 2296 793 2382 sanguine
815 2295 949 2379 bellum3

89 2379 185 2446 eom
207 2402 271 2447 uno
293 2383 412 2467 populo
434 2382 497 2447 duc
518 2382 598 2447 facti
620 2381 679 2447 sub
701 2383 781 2448 duee
803 2380 892 2447 nullo

134 2464 288 2532 Interiere
309 2487 410 2551 prope
432 2467 520 2532 civili
542 2466 709 2534 seditione.

135 2548 262 2616 Defessi
283 2550 415 2616 tandem
437 2555 488 2616 tot
510 2552 653 2618 cladibus
675 2554 851 2635 indoluere,

134 2633 162 2698 ll
184 2638 408 2701 tornacensem
429 2635 519 2701 missi
541 2637 692 2723 legantur
713 2639 748 2703 iu
770 2639 893 2718 urbem,

167 2720 274 2785 omine
295 2720 478 2786 Tbifridum
499 2743 595 2806 prece
617 2722 793 2787 sollicitant
814 2719 1041 2803 hegumenum,

88 2801 250 2886 mllxeet,
272 2804 438 2889 acceleret,
462 2807 573 2871 veniat
593 2825 768 2890 pacemque
790 2804 951 2867 reformet.

135 2889 299 2954 Assentit:
321 2896 467 2955 remeant
488 2896 522 2956 et
543 2889 657 2955 nuntia
678 2891 767 2955 laea·
784 2890 963 2972 reportant.

201 3070 254 3129 90¹1
271 3074 384 3144 ugmim
398 3076 424 3130 T
473 3082 523 3132 208
540 3075 718 3196 toppcodt'
767 3077 818 3127 209
836 3073 1028 3153 cataclismate
1048 3052 1105 3129 GT

137 3144 187 3195 nlo
208 3140 362 3197 aecclesiae
386 3143 412 3198 G
497 3150 547 3200 213
569 3160 586 3196 a
607 3143 715 3198 secedit
737 3169 771 3179 -
794 3141 970 3221 recaedrtd
1054 3147 1104 3196 214

138 3205 260 3287 dampno
280 3208 339 3263 GT
371 3212 429 3266 leto
449 3212 475 3265 Τ
506 3210 626 3281 tropheo
646 3210 722 3288 GT⁸
764 3211 815 3262 215
833 3204 951 3280 dampni
969 3208 1026 3264 GT
1054 3226 1102 3264 o·

140 3273 1105 3469 „ligetemo

475 3430 490 3470 e
