2370 3810
256 159 346 216 VITA
358 158 609 215 WILLIBltOBdJI
625 158 798 218 Matalon.
820 159 888 219 LlB.
900 161 921 214 l.
1031 161 1070 228 13

53 332 92 374 aa
105 316 146 380 In
166 315 261 380 terrie
283 313 418 398 geritur,
440 311 495 376 sed
517 332 584 376 non
605 315 753 376 terrenus
773 311 921 397 habetur,

103 400 135 466 N
138 422 181 465 on
203 399 298 463 datur
319 397 374 461 hic
397 397 496 478 carni,
519 396 575 461 sed
595 397 700 461 menti
721 397 894 481 spirituali,

105 482 407 565 Incircumscriptue
430 481 486 546 dat
506 481 639 564 spiritus
660 482 748 546 hunc
770 483 863 566 quasi
884 503 1012 565 munuc,

105 569 224 634 Munus
245 567 464 651 praecipuum,
486 565 659 650 pretiosius
681 567 831 632 omnibus
853 589 964 633 unum.

105 654 252 718 Antiates
275 652 352 716 deus
375 655 423 716 eat
440 650 525 715 alter
544 650 597 716 cui
621 651 739 716 caelica
759 673 851 716 mens
872 656 933 730 est,

55 755 93 795 ³20
106 737 222 804 Caelos
245 735 406 816 concludit
424 735 509 800 clavi
534 733 638 799 David
660 740 756 820 atque
777 736 922 816 recludit,

106 821 289 906 Ingreditur
310 824 420 885 cancta
441 822 624 886 sanctorum
648 824 755 886 mente
777 825 909 898 sacrata,

107 906 210 972 'l'cxtu
231 905 366 970 mirifico
389 905 560 970 decoratur
582 903 752 968 amictibus
775 908 860 987 octo,

105 992 205 1055 Aram
228 991 398 1075 contingit,
421 1011 480 1073 per
501 987 699 1052 tintinabula
721 989 832 1070 tinnit,

105 1075 214 1140 Totus·
229 1075 347 1140 vocalis
370 1074 455 1158 gerit
476 1075 624 1138 ornatum
646 1071 783 1156 deitatis,

58 1177 97 1217 ³²⁵
111 1159 264 1226 Officium
285 1159 378 1223 nulla
398 1157 520 1240 liquido
544 1157 704 1221 narrabile
725 1157 847 1243 lingua.

105 1244 183 1308 Non
205 1243 285 1307 foris
309 1240 472 1327 egreditur
494 1241 533 1305 de
556 1241 663 1325 sacris,
687 1242 919 1325 nemoriatur,

105 1329 199 1392 Intus
222 1327 258 1391 in
280 1327 374 1392 altari
396 1327 464 1412 iugi
485 1325 630 1393 fomenta
651 1327 705 1392 dat
726 1327 737 1391 i
785 1327 805 1405 i,
990 1334 1072 1390 ficar

107 1413 191 1498 lgni,
215 1433 310 1496 quern
332 1411 409 1476 deus
431 1410 563 1477 accendi
584 1411 655 1476 vult
677 1432 731 1478 cor
753 1433 771 1476 e
795 1411 854 1475 sub
878 1412 976 1495 omni,

106 1501 156 1562 Ac
177 1518 219 1561 ne
241 1495 376 1578 deficiat,
398 1495 533 1562 moralia
554 1495 644 1580 ligna
665 1496 840 1577 ministrat,

56 1599 95 1640 aco
109 1582 216 1667 Ligna
237 1585 366 1664 patrum
388 1582 532 1646 monitus
555 1583 589 1644 et
609 1581 695 1645 vitae
718 1581 849 1646 caelibis
871 1584 970 1645 actus.

108 1665 249 1732 Victima
269 1665 346 1730 dum
368 1665 481 1750 fertur,
504 1685 595 1748 quae,
618 1664 721 1747 qualis
743 1664 814 1749 lege
835 1664 975 1747 iubetur,

107 1751 234 1834 Pectus,
257 1749 456 1833 aqualiculus
479 1749 573 1813 datur
594 1748 652 1830 illi,
675 1747 784 1812 dexter
807 1751 841 1812 et
861 1770 977 1832 armna,

107 1837 146 1899 In
168 1855 267 1921 grege
290 1835 460 1898 commisso
482 1853 523 1897 ne
545 1833 589 1896 sit
609 1833 785 1917 sapientior
806 1833 888 1920 ipso,

107 1918 176 1985 Nec
198 1919 297 1984 sitin
320 1917 469 1984 adversae
491 1917 653 1982 robustior
675 1919 759 1984 aeris
781 1918 857 2003 olas,

56 2019 95 2060 ³³⁵
108 2004 266 2071 Ventrem
288 2003 433 2068 luxuriae
455 2002 595 2067 Phineos
618 2009 715 2086 secet,
738 2004 846 2089 expiet
867 2026 953 2070 ense.

109 2089 172 2155 Sed
187 2089 258 2172 quis
273 2088 313 2152 ad
328 2088 408 2153 haec
424 2088 550 2174 dignus,
567 2089 639 2171 quie
654 2088 790 2154 idoneus
805 2091 893 2154 extet
910 2093 944 2154 et
958 2088 1074 2174 aptus?

109 2174 176 2238 Lex
197 2194 266 2237 non
288 2175 380 2257 optat
402 2194 485 2251 eum,
508 2172 565 2255 qui
586 2172 651 2237 fert
672 2173 707 2236 in
730 2194 864 2257 corpore
886 2194 1033 2254 naevum,

108 2257 186 2324 Non
200 2279 340 2339 caecum,
353 2277 421 2321 non
431 2256 646 2340 lippum,non
661 2254 788 2320 clodum
804 2277 908 2339 neque
927 2256 1072 2341 gibbum,

109 2342 186 2409 Non
208 2339 325 2426 grandi
346 2361 426 2405 naso
448 2360 553 2423 neque
575 2343 674 2421 torto,
698 2360 757 2404 nec
779 2339 859 2423 pede
881 2339 994 2406 fracto.

58 2426 170 2492 crollet
192 2426 282 2492 ducis
305 2425 456 2491 ecclesiae
478 2424 595 2489 mentis
618 2423 746 2510 fulgore
767 2424 882 2508 nitere,

109 2514 230 2576 Arceat
250 2514 287 2575 ut
308 2509 457 2575 tenebras
478 2509 592 2574 mortis
614 2510 754 2595 caligine
775 2511 900 2591 densae,

110 2596 295 2660 Praeniteat
315 2595 411 2680 longe
434 2595 550 2680 quibus
573 2599 622 2660 est
642 2596 804 2680 praelatus
827 2596 962 2663 honore.

110 2679 270 2744 lncolumi
292 2679 362 2743 visu
385 2702 468 2765 noys
488 2701 557 2745 non
578 2680 694 2764 lippiat
716 2685 799 2759 actu,

109 2764 150 2828 In
172 2763 248 2830 fidei
269 2785 383 2830 norma
405 2787 472 2832 non
493 2765 651 2831 claudicet
672 2765 905 2830 haeresiarcha.

56 2868 97 2908 aa
111 2848 205 2925 Quod
227 2848 358 2932 redolet,
379 2850 467 2935 quod
489 2849 563 2929 olet,
587 2871 707 2936 gnarus
730 2850 910 2914 discernere
934 2855 1034 2931 curet,

109 2933 221 2999 Mente
243 2933 286 2998 sit
307 2941 440 3013 erectus,
464 2957 531 3001 non
554 2935 659 3000 carnis
681 2934 824 3017 pondere
846 2955 984 3018 pressus.

111 3118 459 3241 aaltp'tltl‘tbt
513 3119 726 3242 ‘egregez
746 3125 831 3241 aim
849 3119 1080 3243 {letali

111 3259 284 3310 337nev1mr
303 3253 364 3308 GT
430 3260 480 3310 338
498 3268 595 3308 cecum
615 3253 641 3307 T
672 3255 790 3325 lypum
810 3255 868 3309 GT
899 3271 991 3322 neque
1047 3255 1078 3308 b·

110 3336 179 3392 pnm
197 3323 226 3379 G
259 3337 317 3376 non
329 3321 455 3392 gybpum
468 3322 494 3375 Τ
559 3327 691 3390 θδθςηη
712 3323 790 3377 inaro
803 3323 831 3376 G
859 3337 1000 3386 nequeo
1062 3320 1093 3364 ’ἱ

111 3394 163 3444 alo
180 3387 334 3446 aecclesiae
353 3388 380 3443 G
438 3396 487 3445 342
501 3389 692 3446 Prenitcat—
706 3385 916 3460 orclatuess‘l}
977 3379 1117 3434 ἋὮῺ·

109 3457 180 3526 peat
199 3457 259 3512 GT
321 3463 373 3512 344
391 3455 589 3531 haresyarchn
607 3460 668 3518 GT
