2324 3832
237 66 331 125 vm
345 64 598 123 wmmnoanl
614 64 787 129 mmcd.
813 65 880 127 LIB.
898 66 947 122 lV.
1037 67 1079 135 57

114 220 248 287 Excitus
269 242 289 285 a
310 240 427 295 mmno
448 218 528 291 dens
549 218 688 315 imperat
708 219 926 305 Ennosigaeo,

112 304 255 391 Imperat
271 308 305 371 et
320 305 441 402 ventis,
458 302 586 388 placido
602 303 690 371 volnt
705 324 843 388 aequore
860 304 970 377 classis
995 312 1017 371 f.
1029 316 1079 381 ee*

115 393 164 456 Ac
206 411 242 455 er
262 389 325 455 iter
347 388 477 465 baasam
498 387 642 463 defertur
664 389 697 463 in
720 389 805 459 ostia
825 393 949 472 portos.

83 492 106 534 n
303 522 311 539 .
334 472 398 551 Eat
410 473 483 557 pins
498 477 531 545 et
546 472 685 539 clemens
703 472 867 625 lgillbrord
887 474 1081 561 cognomine

764 578 884 625 emens.

117 644 211 709 Astat
230 664 292 728 sap
313 641 443 726 linibus,
464 640 554 715 favet
574 642 627 707 his
648 642 800 728 auditque
821 649 980 728 ppeoetns,

117 726 191 794 Odit
233 664 391 799 medones
410 746 463 805 ,rep
485 726 639 792 ecclesiae
661 729 833 812 rapientes,

118 810 198 879 Sunt
211 750 271 877 iris
291 812 439 897 ingestae
459 832 519 895 per
539 832 613 887 enm
635 833 694 895 pro
718 812 851 885 crimine
873 835 1004 896 poenae.

117 894 175 962 me
195 896 254 975 hes
275 899 443 981 excerptae
462 916 649 980 percurrere
670 906 822 982 prompta
844 897 1004 979 voluntas,

89 978 178 1059 oded
198 980 351 1059 muliare
372 980 449 1047 stilo
471 985 523 1046 tot
543 979 680 1046 barbara
701 981 835 1051 nomina
856 982 932 1048 vito.

155 1064 308 1133 XXXIV.
331 1067 430 1141 Anno
452 1064 584 1133 milleno
605 1066 734 1151 trigeno
756 1066 901 1150 simplice
923 1069 1038 1153 primo,

119 1149 166 1216 llx
187 1171 250 1235 quo
271 1172 339 1216 non
361 1149 483 1225 factnnm
498 1149 632 1215 verbum
654 1151 755 1234 patris
777 1157 827 1216 est
848 1173 924 1219 caro
946 1155 1080 1239 factum,

119 1232 216 1301 Dulce
238 1235 335 1301 decos
357 1233 524 1307 monachis
544 1232 713 1321 Hnmhert,
737 1236 787 1301 vir
808 1237 995 1324 spiritualis,

121 1320 218 1397 hrtnp
239 1319 369 1397 mirifici
392 1321 508 1395 statuit
529 1319 705 1395 transferre
726 1322 865 1406 patroni.

91 1405 244 1470 ahccivit
264 1425 414 1489 proceres
436 1403 562 1488 opibus,
585 1403 705 1477 virtute
727 1409 886 1506 potentes,

119 1488 310 1555 Pontificum
332 1510 505 1574 gemmam,
527 1491 560 1553 te
582 1488 680 1568 dium,
702 1490 825 1574 Poppo,
848 1491 1049 1567 hierarcham

119 1572 369 1659 Heinricumqne
389 1573 514 1657 ducem,
537 1573 589 1638 cui
603 1572 724 1641 Norica
745 1593 827 1659 gens
847 1576 903 1641 dat
917 1576 1082 1647 honorem.

119 1657 198 1724 Sunt
219 1680 331 1733 omnes
352 1658 466 1733 valvas
487 1679 545 1742 per
566 1657 659 1723 firma
681 1659 836 1743 repagula
857 1659 995 1744 clausae,

119 1740 199 1810 Sunt
220 1743 288 1810 desi
355 1743 383 1813 ti
403 1741 542 1815 fossores
565 1763 698 1826 corpore
721 1742 812 1807 casti.

89 1826 178 1894 nSed
199 1849 273 1893 enm
324 1827 479 1903 hitnrarus
500 1831 660 1892 nocturno
681 1827 849 1912 phasmate
870 1833 976 1897 tactus

117 1912 251 1983 Nescius
272 1911 448 1997 ancipitem
469 1910 566 1976 vellet
587 1911 706 1985 librare
727 1913 912 1999 bipennem,

118 1996 253 2064 Brachia
273 2018 342 2073 non
363 1997 471 2081 potuit
492 1996 662 2080 deponere,
685 1998 811 2082 palluit,
835 2000 948 2066 haesit.

117 2078 176 2148 list
195 2082 339 2148 monitor
361 2081 496 2147 tacitum
517 2102 584 2146 non
607 2081 808 2149 dissimulare
830 2088 964 2167 reatum,

118 2166 177 2233 Est
198 2167 275 2251 quia
298 2165 378 2241 velle
400 2167 483 2239 mori
505 2164 658 2231 delictum
680 2165 767 2229 nolle
789 2165 895 2246 fateri,

86 2249 179 2319 neSed
200 2272 273 2318 cum
296 2250 443 2331 nesciret,
487 2249 542 2315 uid
564 2249 602 2313 de
623 2269 658 2313 se
679 2249 815 2331 prodere
836 2254 953 2333 posset,

118 2336 264 2420 Abstitit,
286 2335 401 2413 exivit:
425 2271 552 2420 polluta
573 2332 724 2398 sarabara
746 2333 842 2418 vidit3

119 2419 289 2508 ingemuit,
313 2419 407 2499 lavit,
430 2420 515 2504 qood
537 2419 633 2503 hquit
655 2440 748 2503 opus,
771 2419 930 2504 repetivit.

119 2504 194 2573 Non
216 2504 410 2587 accessisset,
433 2505 461 2569 si
483 2504 589 2570 delicti
612 2505 819 2573 meminisset

118 2589 197 2656 Nam
220 2593 299 2675 quot
320 2595 397 2654 sunt
417 2588 534 2671 fluxus,
556 2592 607 2654 tot
629 2589 684 2655 dat
703 2595 823 2657 natura
843 2597 979 2673 meatus,

75 2692 109 2733 1⁰⁰
121 2672 175 2758 Os,
198 2674 318 2758 oculos,
340 2695 445 2758 aures,
467 2695 583 2757 penem
605 2694 677 2738 eum
699 2674 822 2756 podice,
844 2696 952 2739 nares:

119 2757 244 2825 Humor
266 2762 438 2843 congestus
459 2759 541 2844 petit
562 2757 622 2822 hos
644 2777 780 2821 acarna
802 2778 954 2823 recessus.
1006 2764 1084 2824 ttor

120 2842 195 2909 Non
217 2844 333 2917 vitium
355 2848 492 2922 constat,
513 2842 577 2907 nisi
599 2840 769 2905 delectatio
793 2840 925 2988 giffinat:

120 2926 190 2995 Hac
211 2948 325 3013 expers
346 2928 472 2995 invenie
493 2926 634 2993 studium
656 2925 755 2989 subiit
776 2945 836 3008 pro
860 2924 958 2991 itatis.

121 3012 242 3098 Egesta
264 3016 394 3096 cryptas
415 3017 481 3078 tres
503 3017 579 3079 sunt
599 3009 714 3075 tellure
736 3012 892 3092 repertae,

188 3237 221 3289 ‘ll
243 3230 339 3295 lippos
358 3246 412 3301 geo
436 3230 494 3286 cl*
569 3233 601 3285 'll
623 3227 763 3297 predones
787 3227 847 3283 GT
879 3224 1036 3287 aecclesiae
1060 3223 1087 3279 G

123 3302 155 3353 18
172 3299 309 3368 penaeG
408 3304 441 3355 86
460 3299 545 3367 dyum
565 3297 623 3353 GT
683 3300 716 3351 92
735 3296 851 3352 hseitT
919 3300 967 3350 100
984 3307 1086 3364 penem

122 3381 185 3420 oum
203 3366 304 3436 podice
322 3367 418 3421 ornT
486 3372 534 3420 104
552 3365 660 3434 criptae
681 3364 739 3419 GT
