2370 3810
137 184 160 246 4
522 177 714 285 emortum

140 334 274 398 Femina
298 338 495 398 summorum
518 331 623 397 titulis
646 331 782 416 insignis
805 352 948 414 avorum,

101 438 126 478 aa
140 418 293 504 wilgislo
316 416 418 503 digno
437 417 568 502 primati
589 417 700 481 iuncta
720 416 837 480 marito

141 502 218 568 Non
240 507 329 567 aestu
352 503 469 583 carnis,
491 500 547 566 sed
569 522 665 565 causa
687 500 897 584 posteritatis,

143 587 227 652 Dum
250 589 306 651 vix
328 588 363 651 in
386 607 534 650 somnum
557 584 682 650 laxaret·
703 606 792 649 soma
813 585 979 666 tenellum,

141 671 216 736 Nox
239 672 393 735 subvecta
414 670 517 755 nigris
540 690 612 734 cum
635 670 748 734 circuit
770 690 844 733 aera
865 669 958 754 bigis,

140 756 205 820 Ivit
227 757 262 819 in
284 755 451 819 aethereos
472 753 621 839 vigilanti
641 759 771 838 pectore
797 754 911 837 cyclos,

102 839 288 923 eolnspexit
309 838 435 925 gelidae
458 839 550 924 quasi
571 839 661 903 nasci
684 860 804 903 cornua
826 839 932 920 lunae,

142 923 301 1002 Crescere,
325 925 450 989 curvari
471 923 631 1010 plenoque
654 925 713 988 sub
736 923 813 988 orbe
835 925 935 987 rotari

144 1011 192 1073 Ac
213 1031 272 1093 per
290 1009 414 1074 zodiaci
436 1011 637 1074 contermina
658 1007 751 1072 nodia
771 1007 869 1089 volvi,

141 1093 180 1158 In
203 1115 262 1159 sua
283 1094 454 1178 praecipiti
476 1115 571 1158 cursu
593 1092 781 1177 praecordia
802 1091 869 1156 labi

143 1177 246 1261 Seque
267 1179 342 1242 rubi
365 1178 465 1261 typici
487 1178 624 1242 flammis
646 1178 830 1242 insontibus
852 1177 912 1241 uri.

103 1285 129 1326 55
142 1261 211 1326 Ν55
233 1282 333 1342 mora,
356 1261 529 1327 visceribus
551 1261 663 1326 calidis
686 1264 850 1326 exaestuat
869 1261 973 1345 alvus,

144 1345 314 1411 Ooncaluit
334 1349 457 1430 pectus,
482 1346 587 1430 quatit
607 1367 703 1494 aeper
723 1346 885 1410 anhelitus
907 1349 1009 1429 artus,

144 1429 277 1496 Sudoris
298 1429 389 1494 fluidi
412 1429 574 1494 fluxerunt
595 1452 640 1494 un
663 1431 736 1514 ique
758 1430 827 1495 rivi.

141 1514 281 1579 Nictans
303 1515 405 1579 erexit
426 1535 469 1592 se,
489 1514 577 1581 lecto
600 1515 760 1599 proripuit
780 1537 814 1580 se

141 1598 219 1664 Non
241 1619 397 1679 concussa
417 1600 534 1681 miuus,
557 1620 653 1684 quam
673 1600 728 1685 qui
747 1600 888 1665 tonitrus
908 1599 995 1687 rugit
1015 1600 1114 1668 ictus.

103 1710 129 1749 ro
143 1683 288 1770 Cumque
311 1685 371 1749 sub
393 1688 505 1750 exorto
528 1684 664 1749 rutilans
687 1685 870 1749 Leucothea
891 1684 1025 1750 Phoebo

141 1768 302 1834 Proderet
323 1769 524 1834 Ambronum
546 1769 650 1834 scelus
674 1769 812 1851 exitiale,
835 1773 1016 1853 cruentum,

141 1853 261 1918 Pandit
281 1854 416 1918 horama
437 1854 507 1918 viro
531 1854 656 1918 cuidam
678 1856 797 1918 virtute
819 1854 968 1935 rotundo,

29 1962 36 1971 ·
144 1938 192 2002 Ac
214 1937 321 2001 licitos
344 1937 442 2022 lepidi
464 1936 649 2022 complexus
671 1937 759 2002 fassa
778 1938 888 2002 mariti

144 2019 297 2086 Nondum
317 2020 452 2086 formati
474 2021 586 2086 didicit
606 2024 779 2107 praeconia
800 2023 869 2087 nati

106 2131 132 2171 cs
147 2105 210 2172 Ore
232 2106 415 2190 prophetali
437 2105 565 2191 digesta
586 2107 646 2171 sub
668 2107 781 2171 ordine
802 2106 875 2172 tali:

142 2189 300 2255 ‘Phoebes
323 2189 550 2276 chrysocomae
573 2191 689 2277 globus
711 2191 746 2256 in
768 2213 802 2256 se
828 2192 943 2277 plenus
965 2195 999 2257 et
1021 2193 1058 2258 in
1078 2197 1113 2259 te

142 2275 243 2340 Filius
266 2279 316 2340 est
336 2275 430 2359 lucis,
453 2277 558 2362 paries
581 2298 677 2361 quem
697 2277 765 2340 filia
788 2276 879 2340 lucis.
1025 2284 1048 2342 f.
1061 2291 1109 2341 55ν

115 2363 119 2371 ’
142 2359 225 2425 Solis
247 2361 389 2425 iustitiae
412 2361 505 2425 iubar
526 2361 580 2425 hic
602 2360 651 2426 sol
674 2363 782 2426 exeret
803 2362 838 2425 in
861 2382 906 2445 se,

123 2443 286 2517 ,Excellet
307 2445 458 2509 homines
481 2450 517 2510 ut
538 2446 647 2509 stellas
669 2447 746 2509 luna
767 2445 919 2510 minores.

104 2522 131 2594 so
143 2525 257 2592 Noctis
280 2532 312 2592 et
333 2532 370 2592 ut
390 2530 538 2592 tenebras
560 2529 662 2614 abigit
683 2528 846 2594 Phoebeia
867 2531 1005 2615 lampas,

142 2610 195 2677 Sic
218 2612 307 2676 verbi
329 2612 428 2677 radiis
451 2613 599 2678 excludet
619 2614 731 2679 nubila
751 2616 879 2679 mentis.

143 2693 278 2761 Perdius
300 2699 333 2760 55
353 2718 477 2781 pernox
499 2719 518 2762 o
543 2718 629 2762 eram
652 2698 752 2782 dabit,
774 2703 812 2763 ut
833 2702 947 2784 pereat
967 2718 1046 2782 nox,

141 2780 214 2846 Nox
236 2782 373 2866 psyches
396 2782 496 2847 aciem
519 2720 652 2848 fuscans
675 2783 812 2869 caligine
834 2783 981 2850 technae.

143 2867 304 2952 Asperget
327 2867 432 2932 cordis
454 2887 584 2952 campos
606 2869 775 2953 aspergine
798 2869 900 2951 roris,¹

104 2979 130 3019 55
143 2949 238 3015 Ruris
260 2953 422 3036 paracleti,
446 2974 509 3037 quo
532 2973 622 3017 mens
645 2953 742 3017 alitur
764 2953 975 3032 microcosmi,

211 3141 244 3190 25
262 3133 402 3202 Wilgisilo
421 3136 447 3189 T
476 3131 479 3138 ’
512 3141 546 3192 28
563 3137 662 3207 nigris]
685 3137 773 3208 pigris
801 3137 858 3192 GT
925 3144 958 3199 33
980 3136 1115 3219 precipiti

144 3201 203 3256 GT
235 3202 383 3272 precordia
410 3202 437 3256 G
505 3209 538 3258 36
565 3220 632 3274 eger
661 3206 687 3258 G
756 3211 788 3261 at
814 3205 906 3276 fluidi]
933 3223 973 3262 aa
1005 3206 1114 3276 gelidi?

141 3276 175 3324 40
192 3269 307 3323 Phaebo
327 3270 354 3325 G
389 3269 530 3324 PheboT
584 3279 616 3326 41
636 3272 754 3327 exiciale
773 3271 832 3326 GT
888 3280 921 3328 42
939 3290 1038 3329 oroma
1056 3274 1116 3330 GT

141 3343 176 3391 44
212 3338 328 3392 reconia
350 3337 409 3393 GT
474 3344 508 3392 46
526 3338 655 3395 Phaebes
680 3341 707 3393 θ
741 3340 852 3395 Phebes
873 3342 900 3395 Τ
932 3359 947 3399 5
980 3356 1114 3398 socomae

144 3403 170 3459 G
268 3412 301 3460 47
347 3423 412 3463 uem
438 3407 531 3476 paries
558 3407 584 3461 Τ
650 3413 684 3462 to
708 3407 814 3463 Noctes
841 3409 867 3463 Τ
898 3409 959 3464 Phe
979 3411 1025 3465 eia
1053 3410 1115 3466 GT

131 3477 167 3522 51
184 3472 312 3528 excludit
415 3482 449 3534 63
468 3477 573 3547 tegnas
594 3473 651 3531 ΘΤ
708 3481 742 3533 tt
757 3476 904 3544 paraclyti
918 3477 974 3530 Gr
1000 3494 1112 3545 mycro-
