2324 3832
127 171 182 255 ¹40
534 166 724 223 ruroreim

140 322 320 388 Praesoivii
342 321 471 405 fragilis
493 342 526 385 se
549 320 632 386 solvi
656 340 782 385 carcere
804 321 924 397 carnis,

139 406 304 473 Emeritos
328 406 421 471 miles
443 405 548 489 cupiit
568 406 663 469 finire
685 404 827 486 labores,

139 490 192 556 No
215 512 230 556 s
253 492 403 556 obtutum
425 490 510 574 fixit,
536 510 599 587 quo
623 489 713 553 novit
733 490 871 571 iturum,

90 593 129 634 6⁸5
142 513 214 641 Seri
227 575 384 660 pastorali
406 595 441 638 se
464 577 565 638 sensit
586 573 673 638 fasce
754 573 833 637 vari.

144 659 281 744 Sumpto
306 658 458 740 consilio,
504 657 569 722 uod
592 658 699 722 contio
713 679 750 722 ae
773 657 862 722 dedit
883 656 976 742 ordo,

143 743 337 809 Pontificem
359 763 419 828 pro
443 763 477 806 se
545 741 700 807 infridum
723 742 849 806 censuit
870 762 949 806 esse.

141 827 174 892 Is
196 828 321 892 meritis
342 847 497 913 magnus,
521 848 679 912 generosa
699 826 799 911 stirpe
821 825 1014 909 Britannus,

141 911 283 978 Delicias
305 913 429 997 patriae
450 911 537 997 fugit
559 910 778 997 quesissedia
798 911 897 994 vitae,

91 1013 130 1054 690
145 994 185 1062 Se
208 997 270 1061 sibi
293 997 445 1077 subiecit,
470 1018 530 1062 ceu
550 996 639 1080 patri
659 996 745 1060 filius
767 994 887 1061 haesit:

142 1080 206 1145 Per
227 1085 293 1146 tres
315 1103 353 1147 ac
375 1082 474 1148 denos
498 1101 553 1146 eor
574 1080 664 1147 cordi
686 1080 794 1165 paruit
815 1101 930 1144 annos.

141 1165 238 1230 Hunc
260 1166 308 1230 iio
329 1166 515 1231 deuectum
538 1165 600 1230 sibi
623 1164 828 1250 compellavii
848 1163 1003 1229 amioum:

143 1248 267 1313 ‘Dulcis
289 1249 420 1333 filimi,
443 1270 515 1314 mea
538 1249 625 1314 dieta
646 1249 732 1314 senis
753 1249 855 1333 patris
877 1248 959 1313 audi.
1032 1256 1052 1311 f.
1064 1261 1112 1312 88*

144 1332 275 1417 Cernis,
297 1336 336 1398 ut
356 1335 425 1432 ipse
446 1334 540 1419 gravi
563 1354 680 1418 gravor
702 1355 741 1398 ex
763 1336 868 1398 aetate
889 1332 998 1397 senili:

90 1433 129 1474 666
143 1416 309 1482 Deficiuni
331 1439 349 1481 α
384 1419 432 1482 les
455 1417 550 1482 effeto
570 1437 706 1501 corpore
728 1418 826 1494 vires,

144 1500 286 1587 Sanguis
308 1439 406 1566 hailei
427 1501 569 1588 gelidus,
593 1505 737 1567 cessatur
752 1501 906 1566 acumine
928 1521 1057 1586 sensus,

143 1584 222 1651 Non
235 1587 346 1672 gregis
368 1588 454 1652 hunc
468 1589 596 1652 coetum
603 1635 613 1670 ,
637 1607 695 1652 ceu
709 1586 784 1671 pari
792 1636 801 1671 ,
822 1606 955 1670 pascere
969 1606 1112 1671 possum,

142 1669 287 1736 Excusso
310 1670 414 1737 stadio
437 1675 540 1736 metae
563 1671 704 1737 confinia
725 1676 835 1755 tango.

143 1754 193 1819 Tu
215 1777 291 1821 vero
314 1756 400 1822 laeta
421 1778 536 1822 vernas
557 1756 693 1822 florenis
715 1757 863 1837 iuvenca,

91 1854 130 1894 ⁷⁰⁰
142 1838 188 1904 Es
209 1843 298 1906 totus
320 1841 432 1906 viridis
453 1841 616 1925 protensis
639 1841 796 1925 sanguine
818 1840 920 1922 venis,

142 1922 188 1988 Es
211 1924 378 2008 speculum
401 1925 547 2007 senibus,
570 1925 722 1989 iuvenum
746 1925 861 1989 turmis
882 1923 1067 1989 imitandas.

141 2006 217 2072 Non
240 2009 341 2094 igitur
362 2009 504 2156 negites,
527 2029 594 2074 non
617 2008 798 2073 excusando
818 2008 954 2093 refutes,

144 2089 210 2156 Fac
225 2092 316 2177 mihi,
339 2112 401 2177 quo
436 2114 518 2178 rogo
533 2097 575 2172 te,
597 2114 632 2157 re
658 2092 742 2158 'men
756 2092 817 2157 hoc
831 2093 957 2176 suscipe
970 2112 1032 2176 pro
1046 2112 1110 2177 me,

144 2175 216 2241 Hoc
239 2198 292 2242 ms
313 2175 400 2242 fasce
421 2177 510 2261 leva,
533 2113 685 2254 curceii,
708 2178 760 2242 dei
781 2197 859 2262 rege
881 2183 1056 2275 sponsam?

91 2275 130 2315 ⁷⁰5
142 2259 234 2327 Haec
256 2266 351 2347 pater
370 2262 507 2346 infodis,
530 2262 585 2328 sed
608 2263 694 2327 filius
715 2262 779 2327 isia
800 2261 938 2326 refudlo:

142 2345 233 2412 ‘Non
256 2369 328 2412 sum
348 2369 409 2432 par
431 2347 538 2431 oneri,
561 2369 625 2431 quo
648 2369 701 2412 me
722 2345 837 2411 suades
859 2346 999 2428 onerari,

142 2429 174 2495 N
176 2451 211 2494 ec
227 2453 386 2496 canonum
400 2434 543 2516 gravitas
556 2432 647 2497 iubet
661 2432 734 2513 hoc,
750 2452 822 2495 mea
835 2451 896 2495 nec
910 2431 990 2495 sinit
1003 2433 1108 2496 aetas:

143 2512 221 2578 Non
244 2519 293 2578 esi
314 2515 462 2596 expletus
483 2514 564 2578 mihi
586 2515 872 2598 quinquagesimus
893 2535 1012 2596 annus,

142 2594 209 2660 Lex
231 2619 295 2681 quo
318 2597 436 2661 divinis
458 2596 632 2662 committit
652 2619 729 2662 vasa
750 2598 880 2664 Levitis.

71 2696 128 2763 ,⁷1⁰
142 2678 219 2745 Non
241 2680 407 2745 sublimari
429 2681 519 2760 veni,
541 2701 609 2746 non
631 2681 819 2767 glorificari,

141 2762 233 2829 Misit
255 2765 451 2850 apostolicus
472 2786 523 2829 me
546 2765 737 2851 Gregorius,
759 2768 896 2852 vigilum
918 2768 997 2851 dux,

142 2847 231 2932 Dux,
255 2850 406 2933 inquam,
429 2850 565 2935 vigilum
587 2872 683 2935 super
705 2852 854 2917 excubias
877 2853 1074 2935 animarum,

141 2931 289 2999 Sumeret
310 2937 347 2998 ui
367 2954 426 3016 per
447 2956 498 2999 me
520 2935 610 3001 verbi
633 2935 806 3002 Germania
827 2958 949 3005 sumen.

142 3015 204 3082 Sed
227 3019 304 3115 quia
325 3021 359 3082 ts
380 3018 449 3083 vidi
470 3019 610 3103 speciem
631 3020 754 3087 domini
775 3042 791 3085 s
815 3021 949 3100 eculari,

93 3099 196 3166 ⁷1⁵Me
217 3103 279 3166 tibi
302 3103 474 3187 supposui,
497 3103 560 3169 feci
583 3105 734 3190 quicquid
756 3043 896 3174 sciuisti.

210 3257 260 3308 688
278 3252 386 3309 solvere
405 3254 431 3308 T
505 3260 555 3311 686
573 3257 716 3312 conciolae
736 3256 794 3312 GT
868 3261 919 3311 688
936 3259 1033 3326 styrpe
1051 3257 1111 3312 GT

140 3325 191 3376 688
207 3319 286 3375 tedia
304 3319 331 3374 T
379 3325 430 3376 684
447 3324 524 3378 etate
543 3324 570 3378 T
618 3330 668 3380 686
686 3322 788 3379 effaeto
806 3323 835 3378 G
885 3328 935 3378 698
954 3325 1068 3379 caetum
1083 3323 1110 3378 G

141 3389 234 3444 cetum
253 3389 279 3443 T
362 3393 412 3443 688
430 3388 490 3445 leta
507 3392 533 3445 T
617 3397 667 3447 704
684 3389 821 3446 succeeds
840 3391 867 3446 G
902 3390 1071 3460 deinomini
1084 3391 1112 3446 T

133 3461 185 3509 706
199 3455 265 3511 Hes
283 3455 346 3512 GT
412 3461 461 3514 715
481 3458 620 3530 quidquid
639 3459 666 3514 T
