2370 3810
449 186 731 246 PROLEGOMENA.
998 209 1071 256 xxv

107 339 177 403 fieri
200 340 334 421 assolet,
359 340 504 423 quamvis
521 340 570 406 sui
585 341 664 406 iuris
679 342 737 426 sit,
762 341 922 407 continuis
937 344 1079 408 numeris

109 446 182 489 cum
205 425 309 508 primo
333 425 415 489 libro
439 427 620 490 coniuncto.

193 509 232 573 In
269 511 497 574 commentario
531 511 753 575 concinnando
786 511 818 575 id
847 516 974 576 secutus
1008 535 1079 576 sum

108 596 325 678 propositum,
348 598 384 658 ut
406 600 438 659 et
460 617 510 660 res
533 596 745 680 explicatione
771 601 903 680 egentes
932 601 963 661 et
987 619 1079 662 voces

108 680 297 743 remotiores
320 685 353 744 et
374 683 550 746 structuras
572 681 769 746 difficiliores
784 682 994 760 illustrarem,
1020 683 1078 746 im·

109 764 221 846 primis
244 769 350 829 autem
372 765 458 830 locos
482 767 659 850 scripturae
680 788 806 849 sacrae,
830 766 870 830 ad
885 789 965 851 quos
981 767 1078 832 Thio-

109 849 185 936 fridi
209 850 305 915 verba
327 851 520 934 respiciunt,
551 853 807 935 scriptorumque
836 856 980 916 veterum
1007 851 1079 916 lati·

109 956 244 1018 norum,
279 957 358 1019 quos
392 937 539 1000 imitatur
565 957 767 1019 quorumque
795 937 893 1000 verba
922 937 956 1000 in
985 959 1078 1001 usum

107 1042 201 1083 suurn
231 1022 345 1102 vertit,
380 1020 553 1105 diligenter
586 1020 736 1084 collectos
766 1020 966 1084 ascriberem.
1011 1020 1079 1086 Nec

108 1125 185 1169 vero
210 1127 322 1169 omnes
345 1126 425 1188 quos
455 1104 601 1187 laudavi,
630 1105 677 1169 ita
703 1105 881 1189 comparati
910 1109 986 1169 sunt
1008 1105 1078 1185 loci,

107 1194 145 1252 ut
167 1190 314 1273 exempla
336 1189 449 1253 haberi
472 1189 588 1253 velint:
618 1212 685 1254 non
712 1191 807 1273 pauci
840 1191 947 1273 etiam,
978 1191 1078 1255 inter·

107 1275 285 1357 pretationi
309 1277 345 1337 ut
366 1275 540 1351 servirent,
568 1273 659 1338 allati
686 1278 771 1339 sunt.
817 1277 925 1359 Atque
953 1275 1013 1340 hos
1036 1276 1076 1341 ab

107 1358 172 1422 illis
195 1359 241 1422 ita
263 1358 461 1442 distinguere
484 1359 607 1441 studui,
630 1371 667 1423 ut
689 1359 734 1423 eis
756 1359 846 1442 locis,
870 1360 925 1444 qui
940 1364 1075 1444 propter

108 1442 353 1508 similitudinem
371 1443 530 1527 quandam
552 1444 602 1508 vel
619 1444 852 1527 interpretandi
869 1446 975 1530 gratia
990 1468 1009 1510 a
1024 1467 1075 1510 me

106 1528 239 1611 ascripti
265 1533 355 1607 sunt,
379 1528 524 1593 notulam
550 1530 587 1611 of.
618 1530 845 1613 praefigerem,
880 1551 933 1593 eos
959 1533 1075 1610 autem,

107 1613 163 1697 qui
186 1614 405 1696 exemplorum
433 1614 467 1677 in
496 1614 627 1678 modum
649 1615 816 1697 scriptoris
844 1615 946 1677 menti
969 1616 1078 1678 obver-

106 1698 167 1762 sati
190 1697 270 1762 mihi
293 1698 457 1776 videntur,
481 1701 551 1762 sine
574 1720 612 1761 ea
633 1702 710 1762 nota
732 1719 895 1780 ponerem.

192 1782 293 1847 Locos
326 1804 364 1846 ex
398 1782 529 1847 Alcuini
558 1782 636 1847 Vita
665 1781 885 1865 Willibrordi,
917 1781 1075 1847 Thiofridi

108 1865 184 1932 Vita
206 1866 411 1931 Willibrordi
433 1870 592 1951 prosaica,
616 1866 805 1931 Theoderici
829 1866 989 1933 Chronico
1012 1867 1078 1952 Ep-

106 1952 304 2031 temacensi,
329 1952 400 2017 aliis
422 1953 486 2016 huc
507 1953 742 2036 pertinentibus
766 1952 856 2017 libris
879 1952 992 2018 ductos
1006 1956 1076 2018 tum

106 2038 208 2101 exscri
234 2037 271 2120 si,
287 2058 357 2101 cum
374 2037 533 2102 adrerum
549 2038 615 2102 sive
634 2040 800 2101 verborum
817 2037 1075 2122 explanationem

106 2059 231 2205 aliquid
251 2123 397 2186 conferre
421 2123 500 2187 mihi
523 2123 728 2187 videbantur:
758 2123 848 2186 ouius
877 2144 993 2206 operae
1022 2143 1075 2186 eos

106 2208 186 2271 mihi
209 2209 349 2292 gratiam
377 2208 545 2271 habituros
568 2229 636 2271 esse
659 2228 768 2290 spero,
792 2207 908 2289 quihus
931 2206 1006 2269 libri
1028 2205 1076 2269 illi

105 2313 171 2355 non
195 2296 270 2356 sunt
293 2294 332 2356 ad
351 2311 478 2356 manus.
543 2319 551 2327 -
860 2371 862 2374 y

192 2376 240 2441 De
273 2377 414 2443 indicum
444 2375 641 2440 adiectorum
669 2373 809 2439 utilitate
845 2374 943 2438 verba
969 2374 1073 2441 facere

106 2467 302 2545 superfluum
326 2461 405 2526 mihi
428 2461 559 2526 videtur.

192 2545 359 2630 Superest,
388 2551 423 2610 ut
446 2546 628 2629 ostendam,
659 2544 927 2629 quemadmodum
954 2546 988 2609 in
1012 2546 1075 2610 edi-

104 2630 193 2695 tione
217 2653 287 2696 mea
314 2654 380 2696 rem
403 2630 686 2716 orthographicam
709 2630 940 2694 instituendam
964 2651 1074 2697 censu-

105 2716 196 2781 erim.
241 2716 387 2801 Namque
415 2738 482 2780 non
510 2716 636 2794 dubito,
672 2717 749 2798 quin
778 2716 878 2779 futuri
906 2716 986 2800 sint,
1019 2717 1074 2800 qui

104 2801 261 2865 mirentur
288 2824 338 2866 me
361 2823 427 2865 non
452 2801 601 2866 usitatam
615 2800 712 2864 -illam
737 2800 840 2864 medio
864 2820 942 2863 aevo
964 2800 1074 2864 ortho-

104 2886 276 2969 graphiam
300 2887 497 2970 adhibuisse,
522 2886 576 2950 sed
599 2907 669 2949 eam
692 2883 732 2948 ad
755 2905 809 2948 eas
832 2905 961 2948 normas
982 2907 1072 2950 revo-

105 2990 208 3054 casse,
234 2992 314 3054 quae
337 2973 419 3054 apud
443 2976 565 3036 veteres
582 2969 750 3034 valuerint.
784 2968 846 3045 Qui
861 2970 889 3033 si
904 2969 1072 3052 pervoluto

105 3057 336 3121 commentario
360 3078 429 3121 meo
453 3055 671 3120 intellexerint
692 3075 743 3118 me
766 3075 877 3119 earum
898 3056 1070 3136 rationum,

103 3161 184 3224 quas
207 3141 297 3226 sequi
320 3141 424 3206 solent
447 3141 501 3225 qui
524 3140 558 3204 in
581 3139 712 3204 edendis
727 3140 833 3204 medio
848 3161 927 3204 aevo
944 3141 1072 3223 scriptis

102 3231 287 3310 versantur,
311 3226 560 3310 haudquaquam
579 3225 729 3308 ignarum
751 3247 818 3290 esse
839 3225 997 3308 potuisse,
1020 3246 1071 3289 su·

103 3313 328 3395 spicabuntur,
352 3312 387 3376 ni
409 3311 520 3390 fallor,
544 3311 639 3374 certis
662 3309 854 3392 quibusdam
873 3309 985 3373 causis
1001 3330 1080 3385 aaa·

103 3399 234 3462 ductum
268 3420 318 3463 me
352 3400 392 3462 ab
425 3397 556 3462 illorum
588 3416 653 3460 usu
686 3398 722 3460 et
748 3415 847 3459 more
871 3385 1116 3478 resedendum}-

99 3485 257 3552 statuisse.
302 3483 358 3549 llli
387 3484 493 3570 enim,
524 3506 693 3574 quotum,
721 3501 805 3548 cum
832 3475 926 3540 xiiius
942 3466 1143 3529 *mmm*

142 3592 258 3635 Thlorrldl
274 3595 324 3638 vita
340 3598 455 3643 Willlbr.
473 3606 548 3646 metr.
563 3603 606 3647 ed.
622 3598 770 3648 nosemia-
926 3562 993 3616 w*
