2370 3810
113 183 200 232 xxlv
233 217 236 222 .
457 162 741 219 BROLEGOMENA.

114 341 185 385 cum
207 318 337 394 illorum
359 317 392 381 in
414 339 548 382 numero
571 318 753 382 habendum
775 319 834 398 sit,
869 318 953 402 quod
984 318 1090 385 1513

122 403 282 470 Vittatbur
322 423 382 486 pro
412 401 590 484 Vittuburp,
620 401 670 466 III
692 401 755 467 369
777 403 933 468 inamatus
954 424 1013 486 pro
1036 407 1091 470 in-

113 491 224 565 uictus,-
252 424 301 552 Id
328 487 393 550 220
420 485 608 552 Witbrorda
635 507 694 569 pro
724 485 903 552 Wilbrordo
929 487 1090 572 scriptum

113 577 177 653 est,
210 573 268 637 his
285 570 546 635 annumerandae
568 571 719 635 videntur
745 571 805 635 hae
828 572 983 636 lectiones
1005 572 1022 637 I
1044 574 1091 638 28

107 661 214 744 pigris
227 657 291 722 449
303 676 430 721 erasum
443 654 477 719 Π
491 655 552 719 102
564 676 678 721 currus
692 655 754 720 246
766 656 867 722 altos
888 656 951 720 344
956 662 1092 739 petram

112 744 177 807 440
198 743 292 824 fulcit
319 740 384 805 600
405 759 482 822 quos
512 740 574 804 764
595 741 741 805 obortum
768 739 819 804 ΠΙ
833 740 875 806 38
890 743 988 807 tricae
1026 743 1092 808 105

113 832 229 894 semote
257 824 305 890 IV
328 826 346 889 7
370 826 455 891 laeto
486 824 550 889 256
572 827 696 908 sopori:
730 846 810 908 quae
855 824 975 904 uidem,
1005 848 1088 910 pau·

113 913 257 978 cissimas
291 910 319 975 si
351 909 506 993 excipias,
541 910 638 973 etiam
670 910 704 973 in
739 910 806 974 cod.
833 847 930 974 iter.
960 915 1088 977 extant.

113 997 194 1062 Tam
224 997 347 1060 bonum
376 994 478 1079 igitur
506 994 624 1058 librum
651 997 745 1058 nacto
772 997 925 1058 nontam
948 993 982 1058 id
1004 995 1089 1061 mihi

41 1135 44 1138 a
116 1081 279 1168 agendum
294 1083 380 1161 erat,
399 1082 436 1144 ut
450 1079 548 1143 verba
562 1078 681 1143 codicis
697 1078 888 1143 coniecturis
904 1080 1088 1164 emendare,

118 1188 214 1251 quarn
226 1169 263 1229 ut
274 1163 516 1246 interpretando
527 1163 670 1228 stabilire
682 1184 824 1228 conarer.
845 1163 916 1228 Hoc
924 1163 995 1229 loco
1011 1186 1087 1230 cum

112 1252 220 1316 facere
247 1269 315 1312 non
343 1248 481 1330 possim,
511 1248 590 1331 q'uin
612 1269 663 1312 me
685 1248 846 1332 plerisque
868 1248 946 1313 loeis
973 1271 1086 1314 veram

113 1335 285 1400 lectionem
311 1333 377 1396 iam
403 1334 488 1411 tum,
518 1352 590 1395 eum
617 1332 687 1397 sola
711 1336 841 1416 praesto
871 1337 962 1397 esset
983 1334 1085 1401 aditio

113 1418 315 1484 Deckeriana
329 1416 467 1481 necdum
482 1415 611 1481 collatio
628 1416 745 1480 codicis
759 1416 904 1482 Gothani
918 1419 952 1481 in
967 1440 1088 1484 manus

111 1525 200 1569 meas
215 1502 430 1587 pervenisset,
445 1501 605 1565 invenisse
621 1522 815 1582 asseverem,
830 1505 958 1567 tantum
972 1506 1085 1569 tamen

111 1590 212 1672 abest,
235 1590 272 1651 ut
294 1585 471 1670 splendidis
494 1586 636 1650 inventis
660 1587 816 1650 acuminis
835 1587 959 1671 ingenii
975 1591 1085 1653 osten·

110 1674 203 1740 tandi
225 1672 428 1738 occasionem
451 1674 655 1754 praereptam
677 1691 746 1734 esse
769 1669 909 1756 doleam,
942 1676 979 1736 ut
1001 1673 1085 1755 satis

108 1759 246 1825 habeam
280 1757 482 1821 coniecturas
515 1776 602 1819 meas
635 1758 762 1819 tantum
787 1777 854 1820 non
888 1777 1000 1820 omnes
1029 1779 1084 1822 co·

108 1845 189 1908 diois
212 1840 356 1906 Gothani
388 1841 544 1903 memoria
576 1839 781 1905 confirmatas
809 1841 925 1904 vidisse
948 1845 1084 1926 tamque

108 1929 231 1993 bonum
266 1923 444 1989 subsidium
484 1923 525 1987 ad
562 1927 686 1988 textum
728 1925 959 1989 recensendum
998 1926 1082 1991 mihi

108 2010 284 2096 suppetiise
309 2008 478 2092 gaudeam.

192 2095 274 2160 Tota
295 2094 396 2178 igitur
417 2092 603 2156 recensione
618 2096 730 2156 nostra
745 2114 783 2156 ex
800 2094 908 2158 codiee
925 2093 1081 2160 Gothano

105 2180 269 2267 pendente
291 2183 398 2243 tamen
421 2177 456 2241 in
478 2199 544 2241 una
565 2197 600 2240 re
623 2177 814 2241 secundaria
843 2179 940 2242 etiam
963 2177 1082 2244 Treve-

105 2266 192 2332 rensi
220 2264 340 2349 aliquid
365 2263 474 2327 debeo.
520 2261 680 2345 Ascripsit
702 2262 788 2326 enim
817 2262 913 2326 huius
935 2265 1080 2349 margini

105 2350 287 2434 nescioquis
317 2368 468 2412 numeros
498 2348 637 2430 capitum
665 2346 762 2411 Vitae
794 2346 968 2430 prosaicae.
1015 2345 1078 2424 Qui

107 2459 179 2502 cum
203 2433 375 2497 ostendant
393 2431 500 2495 Vitam
521 2432 689 2496 metricam
704 2430 771 2495 fere
788 2432 920 2496 omnino
937 2431 976 2495 ad
992 2432 1077 2497 ordi·

106 2541 181 2585 nem
197 2517 292 2583 Vitae
314 2515 486 2600 prosaicae,
510 2514 635 2578 omissis
650 2519 759 2579 tamen
776 2515 900 2580 duobus
916 2516 1079 2602 capitulis,

107 2601 319 2686 compositam
341 2620 409 2664 esse
433 2599 647 2682 doceantque,
676 2621 758 2683 quae
780 2599 958 2683 particulae
978 2600 1077 2666 huius

106 2688 222 2773 quibus
254 2685 402 2769 partibus
434 2683 521 2746 illius
554 2685 784 2767 respondeant,
818 2706 835 2748 e
862 2705 897 2749 re
920 2685 997 2750 duxi
1020 2707 1078 2751 eos

107 2773 205 2839 etiarn
227 2770 322 2834 huius
346 2767 495 2832 editionis
516 2767 658 2852 margini
674 2769 850 2853 appingere
867 2773 899 2833 et
915 2790 1079 2835 commen·

103 2858 224 2923 tarium
257 2854 296 2918 ad
330 2853 472 3001 cgpiitum
500 2851 597 2917 Vitae
630 2854 795 2936 prosaicae
828 2854 1075 2938 dispositionem

105 2941 317 3007 conformare.
425 2936 527 3021 igitur
555 2939 681 3001 numeri
711 2959 784 3002 cum
805 2937 839 3001 in
862 2939 1008 3023 margine
1033 2941 1077 3005 si·

102 3027 207 3092 nistro
229 3023 328 3087 additi
350 3023 430 3100 sint,
452 3022 487 3085 in
509 3022 620 3086 dextro
642 3018 796 3098 foliorum
825 3025 858 3087 et
879 3023 1075 3108 paginarum

102 3129 270 3191 numeros,
310 3107 365 3191 qui
403 3109 478 3170 sunt
517 3106 633 3171 codicis
668 3107 825 3186 Gothani‚
866 3108 1078 3174 ascribendos

103 3216 224 3262 curavi.

189 3277 346 3354 Quattuor
367 3275 532 3360 librorum,
554 3276 589 3340 in
612 3296 694 3359 quos
709 3297 837 3340 carmen
854 3299 948 3341 suum
962 3276 1075 3344 divisit

102 3368 225 3446 auctor,
249 3383 359 3426 versus
387 3361 422 3426 in
448 3380 642 3458 unoquoque
663 3358 746 3425 libro
767 3361 939 3445 separatim
961 3384 1078 3428 nume·

96 3450 169 3514 rari
186 3446 335 3534 prologo,
358 3449 396 3510 ut
416 3446 451 3510 in
466 3448 671 3530 antiquorum
692 3448 858 3530 poetarum
874 3446 1076 3513 carminibus
