2370 3810
246 155 337 211 VITA
350 150 598 210 WILLIBROltDl
616 107 793 210 Matalon,
811 154 879 209 LIB.
893 155 915 210 Ι.
1023 157 1063 224 15

94 313 145 379 Sit
167 331 231 396 quo
254 307 413 391 dedecori,
438 307 515 392 quia
535 307 640 372 noluit
661 328 730 374 esee
752 307 868 390 decori,

94 397 145 464 Sit
166 416 240 460 reus
262 397 337 459 ante
358 392 455 458 deum
477 393 516 456 de
537 395 587 457 tot
608 392 705 457 lucris
723 392 914 471 animarum,

95 480 182 558 Quot
204 479 298 544 facile
320 481 431 562 posset
451 476 577 559 lucrari,
599 477 626 541 si
649 476 833 542 studuisset.
981 484 1061 541 tw

95 566 206 632 Virtus
228 585 297 630 nou
319 562 445 646 quaerit
466 583 533 645 sua,
556 561 612 626 sed
635 583 717 645 quae
739 564 816 627 sunt
837 561 953 627 aliene.

42 671 81 710 ses
95 649 158 727 Qui
180 647 332 734 prodesse
353 649 461 731 potest
482 649 516 711 et
536 667 604 713 non
627 646 708 728 vult,
730 646 794 711 insi
818 646 888 711 iens
910 652 968 723 est,

94 734 219 799 Vivens
241 735 384 797 mortuus
406 734 455 796 est
476 734 510 795 et
529 736 644 796 trunco
666 731 762 796 vilior
817 752 932 796 ermae.

94 817 173 884 Non
194 817 423 902 praecidendae
444 815 603 900 praecidit
624 816 707 880 colla
727 815 906 897 columbae,

96 901 165 968 Nec
186 905 282 986 caput
301 900 340 965 ad
362 901 505 984 tropicas
528 903 669 984 torquet,
689 921 748 964 ceu
767 900 820 964 lex
840 902 962 978 monet,
982 899 1060 984 alas,

94 987 181 1052 Dum
204 985 419 1071 speculativae
441 985 488 1050 sie
510 985 635 1069 appetit
656 984 723 1048 otia
744 984 840 1063 vitae,

42 1092 81 1132 seo
95 1072 228 1137 Activae
250 1092 356 1136 mores
378 1074 416 1134 ut
437 1069 591 1154 negleget
612 1071 709 1152 atque
729 1067 866 1133 labarae.

92 1156 162 1221 Hoc
184 1176 294 1221 secum
314 1159 470 1252 reputans
492 1157 525 1217 et
547 1152 664 1217 mentis
685 1152 831 1218 acumine
853 1172 992 1237 pensans

92 1240 282 1324 Postposuit
303 1238 366 1303 sibu
387 1259 431 1322 se,
454 1236 564 1316 voluit,
589 1237 673 1320 quod
692 1237 809 1322 noluit,
831 1258 908 1302 esse.

93 1324 187 1401 Quod
209 1322 336 1406 requies
358 1323 444 1387 boue
465 1323 518 1403 sit,
543 1322 627 1406 quod
649 1326 737 1388 terra
758 1323 802 1388 sit
822 1322 1061 1406 optimavidit

91 1409 170 1474 Non
194 1407 300 1473 carnis
320 1408 446 1492 requies
466 1428 526 1472 nec
547 1408 683 1491 humus,
712 1407 767 1472 sed
789 1407 892 1492 gloria
912 1407 1060 1491 psyches.

39 1513 79 1553 aas
94 1492 272 1578 Supposuit
293 1491 445 1557 humeros
466 1492 618 1557 robustus
641 1496 677 1556 ut
698 1491 829 1558 Isachar
851 1512 932 1556 onos

93 1578 145 1642 Ad
167 1577 399 1661 deportandum
422 1576 588 1642 doctrinae
611 1598 709 1641 suave
731 1578 899 1642 tributum.

93 1662 215 1743 Paruit,
239 1662 386 1742 assensit,
408 1665 595 1745 praesentes
617 1660 818 1745 exhilaravit,

91 1747 153 1811 Est
175 1746 396 1824 acclamatum,
419 1748 496 1810 sunt
516 1745 604 1810 edite
627 1745 737 1809 munia
757 1743 899 1815 laudum.

94 1831 298 1897 Conventum
320 1830 417 1895 solvit
437 1829 503 1894 dux
524 1829 726 1913 electumque
747 1827 865 1894 refovit

37 1936 79 1976 400
93 1917 145 1979 Ac
167 1915 345 1980 transmisit
366 1935 440 1980 eum
457 1936 525 2064 320
547 1914 716 1980 condecuit
736 1914 906 1998 comitatu,

91 2000 184 2065 Misit
206 1998 400 2086 apostolicae
422 2021 456 2064 se
528 2020 586 2064 sua
608 1998 693 2064 duna
713 1998 900 2065 hierarchae
925 2037 963 2048 —

92 2083 225 2168 Sergius
246 2084 323 2149 huic
343 2105 475 2166 nomen,
498 2082 663 2161 servandis
685 2084 836 2170 gentibue
859 2105 963 2168 omen,

92 2169 216 2234 Summi
238 2169 289 2233 vir
310 2169 426 2248 meriti,
448 2168 549 2234 totius
571 2168 675 2252 gloria
697 2169 822 2252 mundi,
844 2205 885 2216 -

91 2253 305 2337 Exsculptum
327 2253 431 2337 signis
453 2253 571 2317 solium
592 2253 682 2316 miris
705 2252 909 2339 anaglyphis,

37 2358 79 2399 405
92 2337 179 2404 Hine
200 2338 314 2420 bobus,
337 2337 414 2401 inde
436 2337 598 2401 leonibus:
621 2337 699 2401 hine
720 2339 808 2422 pius,
831 2336 907 2401 inde
929 2357 1059 2401 severus

92 2421 294 2489 Oeconomoe
339 2422 467 2500 rudens,
490 2421 600 2486 divina
621 2421 722 2488 diaria
743 2443 905 2509 promens.

134 2506 206 2583 Vll.
237 2506 301 2571 Hic
316 2444 391 2571 lum
406 2511 568 2590 pausaret,
584 2508 692 2573 tenuis
716 2530 811 2593 sopor
832 2529 906 2573 ossa
925 2507 1055 2592 rigaret,

90 2592 238 2675 Angelus
260 2591 389 2672 effulsit,
410 2612 477 2657 nox
498 2591 567 2657 eius
588 2592 659 2658 luce
681 2594 815 2677 reluxit3

89 2675 152 2741 Est
174 2676 290 2741 affatus
312 2696 385 2741 eum
406 2696 464 2741 ceu
487 2676 589 2740 dulcis
611 2679 733 2742 amicus
754 2679 908 2742 amicum:

34 2781 76 2822 ⁴10
92 2760 219 2826 ‘Omnis
241 2763 375 2826 naturae
397 2782 449 2826 me
470 2761 570 2826 mittit
591 2762 740 2827 conditor
761 2761 801 2825 ad
822 2764 869 2840 te;

91 2843 176 2921 Quid
188 2845 267 2910 velit
281 2848 314 2910 et
328 2867 387 2929 per
400 2866 452 2910 me
463 2845 524 2911 tibi
534 2845 678 2929 mandet,
692 2849 799 2911 mente
811 2844 958 2908 reconde.
986 2850 1058 2905 tetr

90 2928 308 3015 Symmystam
329 2950 448 3008 carum,
469 2930 559 3014 prius
581 2931 616 2996 in
639 2931 773 2996 matrice
798 2931 967 3011 sacratum,

89 3013 154 3079 Per
175 3017 208 3079 te
230 3015 420 3080 sacrandum
442 3014 502 3079 tibi
524 3014 668 3081 destinat
691 3019 725 3080 et
746 3013 969 3080 decorandum.

158 3187 208 3261 «38⁷
225 3182 413 3263 precidendae
430 3183 554 3251 precidit
572 3183 631 3262 (HJ
689 3189 740 3239 888
758 3199 810 3262 ceu
823 3182 850 3237 G
926 3188 976 3238 389
993 3200 1056 3252 spe·

88 3250 476 3375 erectam
492 3249 706 3374 ruerat
732 3250 983 3376 maletat,
1007 3257 1057 3371 tu

110 3335 213 3442 luade
231 3386 290 3440 GT
356 3393 405 3442 401
423 3337 567 3443 ierarcllle
587 3385 645 3441 GT
706 3392 757 3444 403
774 3335 866 3466 tecirls
886 3385 945 3441 GT
1005 3389 1055 3440 406

88 3401 248 3508 hcenomos
268 3454 327 3509 GT
393 3460 444 3510 409
462 3455 558 3529 ceuG‘
626 3459 677 3509 412
695 3453 875 3524 symmistam
896 3451 954 3507 GT
