2324 3832
222 68 311 126 VITA
324 68 577 126 WILLIBRORDI
595 69 768 125 METRICA.
793 70 861 130 LIB,
873 71 920 127 ΠΙ.
944 72 990 129 IV.
1049 74 1091 140 55

97 226 186 291 rffic
209 227 359 309 exoptata
379 223 459 288 fessi
480 223 651 307 potiuntur
673 222 803 307 harena,

124 313 224 376 Attus
244 311 394 374 tabentes
416 308 482 373 sale
505 308 628 373 siccant
649 307 726 371 solis
748 308 787 372 ad
811 309 913 393 ignes,

126 396 226 461 Laesa
245 393 427 459 fatiscentis
448 413 484 457 re
507 396 601 456 arant
623 391 779 476 aplustria
800 394 902 472 navis,

125 480 283 545 Exercent
303 478 402 543 variis
424 415 517 542 avirle
539 477 732 543 commercia
753 476 860 560 lucris,

126 564 307 649 Expectant
327 563 440 628 faciles
463 583 574 626 cursus
596 564 773 647 ventosque
794 562 943 643 ferentes,

94 649 295 714 universum
317 647 403 713 lactc
425 667 524 731 pecus
547 646 770 731 impinguatur
791 647 826 712 in
849 669 935 714 ervo.

128 733 188 800 Sed
209 755 280 798 cum
302 736 396 797 tanta
417 734 505 797 locus
526 731 592 795 fert
614 730 781 796 commoda
803 731 981 816 deliciosus,

127 816 300 884 Effundens
321 817 439 881 fluctus
460 815 558 882 solvit
581 816 720 880 confinia
743 821 872 900 pontus,

128 902 349 969 Monstriferos
371 900 549 985 agitanda
572 900 671 982 sinus,
694 905 802 965 motus
824 902 906 966 furit
927 905 1044 983 aestus,

128 986 164 1051 In
185 1008 219 1052 se
240 986 348 1051 sorbet
369 986 513 1064 humum,
539 1005 667 1069 caespes
687 985 726 1049 fit
746 986 862 1050 inutile
885 991 1047 1071 stagnum.

99 1071 248 1136 llPascua
269 1071 355 1136 laeta
375 1070 487 1148 latent,
509 1070 654 1134 iumenta
675 1070 823 1134 famelica
844 1075 999 1154 maerent,

130 1155 262 1223 Nautica
282 1155 380 1220 turba
401 1154 497 1238 dolet,
520 1154 717 1218 habitatores
739 1157 838 1220 timer
860 1159 991 1242 urguet:

127 1238 291 1391 &norant
309 1238 387 1324 quid
404 1242 511 1325 agant,
527 1238 604 1322 quid
622 1240 748 1304 consilii
765 1241 826 1305 sibi
844 1245 981 1306 sumant.
1004 1250 1086 1308 1118ν

170 1326 339 1406 uranium,
363 1327 503 1388 tractant
525 1327 558 1387 et
580 1325 807 1390 convenientia
828 1325 973 1408 laudant,

128 1407 314 1475 Decernunt
334 1410 419 1473 iusta
441 1408 876 1491 discerneremonomachia‚

98 1493 287 1560 wPraesulis
309 1515 352 1558 an
372 1493 466 1577 ponti
488 1513 665 1557 summersa
686 1493 729 1557 sit
750 1516 824 1558 area
847 1497 961 1579 campi.

128 1577 300 1645 Prosiliunt
320 1578 448 1662 pugiles
469 1577 519 1642 bis
541 1579 610 1642 seni
632 1578 795 1642 mentibus
817 1599 917 1660 acres,

127 1662 256 1729 Viribus
278 1662 434 1746 insignes,
456 1662 579 1746 patriae
601 1662 790 1744 munimina,
811 1660 917 1745 flores,

128 1745 263 1813 Causam
286 1747 342 1830 qui
364 1746 494 1811 dubiam
515 1744 652 1810 reddant
673 1745 857 1811 discrimine
880 1749 1011 1813 certam.

126 1831 332 1910 Praeludunt,
356 1831 476 1895 saltant
497 1830 684 1915 alternaque
707 1831 837 1897 brachie
858 1832 992 1916 iactant,

95 1916 306 1981 ²⁵Immiscere
328 1936 443 1980 manus
465 1915 613 1980 manibus
634 1920 728 2000 parat
749 1917 876 1982 aemula
896 1919 1007 1985 virtus.

127 2000 186 2066 Sex
209 2022 269 2087 pro
291 2001 360 2064 iure
381 2001 483 2084 patris
504 2000 614 2065 iurant
634 2004 699 2066 ritu
721 2002 881 2086 regionis3

126 2083 187 2151 Sed
207 2087 424 2150 iuramentum
447 2085 521 2149 dum
546 2086 651 2168 coepit
673 2086 708 2149 in
731 2107 786 2150 ore
808 2086 1008 2169 loquentum,

125 2168 263 2237 Erubuit
284 2169 441 2254 liquidum
462 2169 550 2234 vinci
571 2172 719 2233 metuens
741 2169 944 2246 elementum,

126 2253 225 2341 rugit
247 2258 281 2319 et
301 2256 422 2318 amovit
442 2254 560 2318 fluctus
581 2253 763 2336 refluosque
785 2252 925 2335 retorsit,

92 2351 116 2391 ³⁰
129 2338 257 2404 Victum
279 2339 368 2404 subri
392 2339 441 2402 uit
462 2361 505 2417 se,
529 2341 620 2402 vasto
643 2336 773 2423 gurgite
796 2336 915 2402 mersit.

127 2425 247 2488 Arrum
269 2361 444 2508 convaluit,
467 2424 576 2505 viruit,
600 2445 688 2488 nunc
710 2444 813 2508 usque
835 2422 974 2502 virescit,

79 2559 82 2564 .
125 2507 231 2574 Pascit
252 2512 290 2572 ut
311 2511 386 2572 ante
408 2507 509 2572 boves
530 2509 671 2592 palearia
694 2531 801 2574 crassa
822 2509 999 2574 trahentes.

125 2591 151 2658 0
167 2614 222 2659 cor
236 2593 425 2677 humanum,
446 2613 544 2675 quam
559 2595 683 2677 durum,
699 2617 796 2678 quam
811 2616 918 2678 grave,
941 2595 1086 2658 brutum!

124 2675 179 2743 Nil
200 2681 258 2754 est,
281 2676 368 2761 quod
390 2678 481 2759 vitet,
506 2679 571 2762 sed,
594 2679 745 2763 quicquid
768 2681 900 2763 cogitat,
926 2678 1050 2760 implet.

88 2760 197 2827 36Νοη
218 2783 387 2846 perversus
409 2762 479 2846 agit
501 2761 613 2842 home,
643 2760 729 2845 quod
750 2762 866 2825 fluctus
889 2761 986 2824 maris
1009 2763 1086 2846 egit,

124 2845 254 2911 Deierat
276 2851 309 2911 et
329 2846 425 2925 fallit,
447 2847 589 2930 periuria
611 2845 753 2928 suscipit,
776 2843 875 2918 audit,

124 2927 214 3006 Quod
236 2932 308 3014 scit,
331 2933 412 2996 scire
434 2937 541 3016 negat,
565 2931 627 2995 sibi
649 2929 770 2995 credita
792 2927 910 2992 tradita
931 2928 1032 2994 iurat:

190 3105 206 3154 7
232 3099 345 3170 leea‚T
369 3099 445 3154 laeta
473 3099 499 3153 G
577 3104 593 3153 8
620 3095 786 3151 commertia
813 3095 839 3149 G
912 3103 927 3151 9
955 3097 1036 3153 facile
1065 3098 1089 3150 Τ

124 3172 155 3220 10
171 3166 231 3222 leto
249 3169 275 3222 Τ
306 3167 491 3236 inpinguatur
510 3166 567 3220 GT
641 3172 671 3218 14
693 3179 739 3218 ees
760 3162 784 3216 is
807 3161 865 3217 GT
938 3165 1089 3220 151etaT

123 3236 234 3289 merent
261 3235 318 3290 GT
397 3241 428 3290 19
454 3233 659 3301 monomachya
688 3231 714 3286 G
824 3238 857 3286 20
883 3230 1005 3287 Presulis
1032 3231 1089 3288 GT

123 3306 157 3355 24
172 3302 329 3357 Preludunt
348 3303 406 3357 GT
472 3308 505 3357 25
523 3301 671 3356 Inmiscere
691 3299 748 3354 GT
781 3299 874 3354 emula
893 3298 920 3353 G
971 3307 1003 3357 27
1023 3315 1087 3356 cae·

123 3368 166 3437 pit
184 3369 211 3427 G
228 3369 304 3440 cepit
321 3372 347 3425 Τ
413 3378 446 3427 34
464 3370 602 3440 quidquid
622 3369 648 3423 Τ
