2370 3810
247 137 337 194 vum
350 136 599 207 wissrsnoum
616 108 789 200 uermes.
811 140 879 203 mn.
892 142 913 196 1.
1023 143 1061 207 11
1109 224 1113 235 ¹

98 291 336 377 Pippinumque
359 291 473 356 ducem
494 291 572 355 visit
593 291 731 360 dominis
753 292 982 377 dominantem,

96 376 292 442 Dardaniam
315 376 451 459 prolem,
475 374 634 440 Troianae
655 377 762 462 gentis
782 376 955 443 honorem:

95 461 180 527 Nam
200 462 291 526 velut
313 460 467 525 historiae
487 461 632 543 produnt
651 461 886 546 chronicaeque
907 466 1061 547 vetustae,

96 545 157 611 Est
179 546 311 610 sortitus
333 566 411 610 avos
432 545 596 610 Anchisae
619 548 790 611 stemmate
813 546 928 629 claros,

43 650 82 690 666
96 631 284 697 Aeneadum
307 629 408 712 flores,
431 631 529 695 maris
552 634 585 696 et
605 634 709 696 terrae
731 631 918 716 domitores,

96 715 157 780 Est
178 737 216 779 ex
239 714 383 779 Anchiso
405 715 484 780 duce
505 716 694 801 progenitus
716 736 884 802 generoso.

139 797 194 862 VI.
227 798 290 863 Hic
311 799 368 883 vir,
392 799 521 864 virtutis
543 800 617 883 dux,
640 804 750 865 tantam
771 800 963 881 nobilitatis,

97 882 231 968 Hospite
252 905 311 966 pro
332 886 425 949 tanto
447 883 574 968 plaudit
594 884 685 949 velut
706 885 834 969 hospite
860 883 1003 967 Christo,

97 967 136 1032 Se
157 967 375 1053 populumque
397 990 491 1034 suum
513 968 576 1033 sibi
598 968 741 1033 subdidit
763 968 983 1034 erudiendum.

43 1071 81 1112 seo
94 1051 162 1120 Nec
184 1052 372 1118 defrudatus
395 1074 461 1136 spe,
484 1056 593 1118 mente
615 1051 670 1117 sed
693 1053 898 1134 exhilaratus,

94 1137 222 1202 Erroris
244 1137 359 1202 dumos
381 1137 438 1203 ubi
459 1137 536 1202 velli
558 1137 640 1202 vidit
661 1141 772 1202 acutos

93 1221 138 1286 nt
160 1221 289 1305 glaebas
312 1221 413 1285 animi
438 1221 604 1305 proscindi
627 1243 755 1288 vomere
779 1222 866 1286 verbi

94 1305 369 1389 Frumentumque
390 1306 441 1370 dei
464 1305 572 1373 divina
592 1329 650 1391 per
671 1307 787 1372 horrea
809 1305 915 1385 condi,

93 1390 213 1454 Pandit
234 1391 427 1475 symmystis,
449 1413 507 1456 sua
529 1413 609 1477 quae
631 1392 675 1457 sit
695 1392 805 1459 censio
827 1391 958 1456 mentis:

41 1493 80 1534 aee
95 1474 169 1539 <nse
190 1474 239 1538 vir
260 1476 344 1558 apud
366 1496 434 1554 nos,
457 1477 514 1560 qui
535 1480 701 1562 tamquam
723 1477 773 1542 sol
794 1476 929 1540 irradiat
951 1497 1021 1558 nos,

95 1558 158 1634 Qui
179 1559 292 1644 procul
314 1581 333 1624 a
353 1561 448 1626 nobis
470 1561 562 1644 pellit
583 1563 734 1626 tenebras
755 1560 967 1625 Acherontis:

94 1643 189 1708 Hunc
211 1644 322 1708 mundi
343 1645 493 1710 dominae
516 1646 597 1710 mihi
611 1667 703 1709 mens
718 1649 768 1709 est
787 1644 914 1708 mittere
929 1642 1061 1726 Romae,

96 1727 167 1803 Quo
191 1729 392 1810 sublimetur,
415 1730 572 1794 antistitio
593 1728 771 1810 decoretur,

97 1812 208 1878 Latius
229 1815 268 1877 ut
288 1812 426 1897 plantet,
448 1813 542 1898 riget,
565 1813 764 1878 incrementa
786 1813 863 1876 deus
879 1810 948 1891 det,

41 1917 81 1956 uo
97 1896 192 1963 Vitae
214 1901 327 1981 pascat
349 1919 424 1963 oves
445 1919 504 1982 per
525 1919 645 1983 pascua
666 1902 777 1983 pastor
799 1900 944 1964 ovantes.

95 1981 140 2047 Ni
162 1981 267 2060 fallor,
290 1986 414 2063 renuet,
438 1983 554 2048 humili
576 1985 702 2049 ratione
725 1983 865 2064 resistet,
981 1988 1062 2043 Aenv

95 2066 172 2132 Non
194 2068 265 2132 vult
286 2088 368 2150 quae
390 2068 555 2152 volumus,
581 2068 702 2134 mundo
725 2068 796 2134 vult
818 2089 885 2132 esse
908 2069 1061 2132 remotus

96 2150 136 2216 Se
159 2152 245 2216 sinat
267 2153 381 2233 evinci,
404 2172 472 2234 vos,
496 2175 627 2237 quaeso,
649 2152 775 2218 studete
797 2153 932 2235 precari.

96 2234 158 2301 Sed
180 2236 328 2302 mittatur
350 2238 380 2301 ei
403 2236 497 2300 citius
519 2237 638 2322 legatio
661 2237 774 2315 nostri,

42 2339 83 2379 us
98 2319 248 2386 Consiliis
270 2321 358 2405 assit,
381 2321 547 2385 consultus
570 2319 727 2404 consulat,
750 2323 787 2385 ut
808 2319 890 2383 scit!

95 2404 256 2490 Principis
279 2426 353 2470 orsa
374 2405 516 2488 probant
537 2427 552 2470 s
575 2406 742 2489 mmystae,
765 2403 868 2487 finiat,
894 2405 998 2468 orant.

94 2489 164 2556 Nee
185 2512 284 2572 mora,
309 2490 424 2556 missus
445 2489 522 2570 abit,
590 2489 713 2555 ilbrord
734 2491 769 2556 in
790 2494 935 2575 tempore
956 2488 1061 2570 venit;

95 2574 241 2660 Angelus
262 2579 301 2640 ut
322 2575 444 2640 domini
467 2579 633 2660 susceptus
656 2573 779 2642 honore
801 2574 927 2642 decenti

94 2658 135 2723 In
156 2680 325 2743 procerum
347 2660 452 2725 medio
475 2664 629 2746 suggestu
652 2661 735 2726 sedit
756 2661 792 2726 in
814 2661 888 2744 alto,

41 2762 82 2803 sco
96 2743 275 2809 Destillans
296 2745 381 2809 vitae
403 2745 496 2811 favus
519 2748 587 2811 eius
609 2745 704 2810 fluxit
725 2746 765 2810 ab
792 2767 857 2811 ore.

94 2828 156 2894 Est
177 2829 213 2892 in
235 2832 320 2894 sorte
343 2829 394 2894 dei
416 2832 510 2895 coetu
532 2830 674 2896 delectus
701 2831 742 2895 ab
765 2829 863 2907 omni,

95 2911 199 2978 Goetu
221 2914 382 2997 concordi,
406 2916 506 2981 totius
528 2919 562 2980 et
582 2939 602 2980 a
624 2915 705 2979 duce
727 2913 828 2997 regni.

163 3104 214 3155 263
231 3099 420 3168 hystoriae-
434 3098 563 3154 cronicae
583 3099 642 3152 GT
708 3102 759 3151 264
776 3096 924 3166 Anchysae
942 3099 1062 3154 stemate

96 3165 156 3222 GT
227 3174 278 3223 266
303 3165 486 3222 defraudatus
509 3166 535 3220 Τ
574 3166 734 3235 exylaratus
757 3163 816 3219 GT
892 3169 941 3220 262
964 3166 1063 3235 glebas

96 3234 156 3290 GT
222 3241 274 3292 264
290 3234 443 3305 symmistis
462 3233 519 3288 GT
587 3238 636 3288 268
656 3231 798 3288 antistitio
817 3231 875 3288 GT
942 3238 992 3288 269
1009 3232 1062 3287 La·

95 3303 155 3357 eins
175 3303 233 3358 GT
283 3309 334 3358 274
351 3302 437 3358 cicius
455 3301 514 3357 GT
563 3307 613 3356 226
630 3299 792 3370 symmistae
806 3300 864 3353 GT
913 3307 966 3354 ‘cvl
982 3299 1071 3350 Wh-

95 3369 182 3425 brord
201 3371 260 3426 GT
317 3375 368 3426 278
385 3367 596 3440 suscaeptusG
664 3371 720 3423 tbb
733 3364 972 3440 bisthhanafi'h
1033 3364 1098 3408 ‘RN

95 3439 179 3493 caetu
199 3438 226 3492 θ
259 3440 323 3494 cetu
342 3437 370 3494 Τ
436 3443 487 3496 282
507 3437 603 3497 (iaetu
622 3437 652 3494 G
687 3436 770 3494 butu
786 3433 812 3487 'A
849 3434 957 3483 'coesus
971 3423 1003 3474 (ἃ
