2370 3810
147 120 155 139 ⁸
234 156 326 212 vnn
342 155 593 212 wmaisuoem
608 156 782 215 naamon.
816 158 885 219 ms.
904 158 939 219 11.
1033 161 1075 227 37

55 329 97 372 aaa
111 309 214 390 Vasa,
237 309 350 393 depes,
372 313 491 392 vestes,
514 331 616 394 penus
638 331 735 377 omne
754 311 879 398 redegit
899 313 935 377 in
956 313 1064 399 ignea,

111 393 257 459 Abstulit
277 393 435 459 infantem
456 394 569 460 mauis
590 395 714 480 gremio
735 396 960 479 recubantem,

110 478 266 543 Flammis
288 479 437 560 ausisset,
460 480 525 543 nisi
547 500 581 544 se
603 482 695 563 pater
716 481 918 565 opposuisset

110 563 355 647 Proiectumque
377 564 442 628 suis
466 562 549 628 celer
569 565 747 649 excepisset
768 565 803 630 in
825 565 921 643 ulnis,

110 647 203 714 Nulli
225 668 354 712 securos
376 647 469 712 licuit
490 669 694 732 praesumere
715 660 874 732 somnos,

57 751 99 793 seo
111 732 263 818 Angelus
286 732 391 797 omnis
412 731 511 798 habet
531 733 617 817 quod
639 733 735 798 corda
755 734 927 799 trementia
946 736 1055 799 terret.

109 816 155 883 Et
176 837 257 902 quae
280 817 328 881 ris
350 817 546 882 invisibilem
568 817 742 901 depelleret
757 818 913 884 hostem?

111 901 260 966 inclusus
280 921 348 966 non
370 901 495 966 excludi
516 902 624 985 potuit
644 923 748 985 neque
770 901 865 967 trudi.

110 983 239 1051 Profuit
259 985 313 1050 hio
333 984 460 1050 modica
480 985 535 1049 vix
556 986 753 1051 exorcismus
774 987 809 1050 in
830 986 928 1067 hora,

109 1069 251 1134 Phasma
294 1091 386 1134 arum
408 1070 519 1153 cessit,
540 1091 609 1134 non
630 1069 761 1168 longius
775 1070 857 1135 'inde
878 1069 1027 1152 recessit,

55 1171 97 1215 aec
109 1153 210 1220 Irruit
229 1092 394 1219 inlelnsum
415 1154 506 1239 quasi
527 1175 561 1219 se
583 1153 743 1219 crudelius
765 1155 885 1240 ultum,

110 1237 187 1304 Plus
208 1238 376 1316 insanivit,
398 1238 481 1303 nihil
503 1238 570 1304 illic
592 1259 695 1322 paene
716 1240 865 1323 reliquit,

109 1322 149 1387 In
170 1323 259 1388 luctu
280 1323 381 1388 iacuit
402 1323 531 1403 domus,
554 1322 631 1387 hinc
654 1324 774 1390 vicinia
795 1324 890 1409 fugit

109 1405 172 1473 Sed
193 1407 325 1472 tandem
347 1408 456 1473 miseri
477 1407 568 1472 venit
588 1412 657 1473 tem
677 1430 716 1473 us
737 1409 923 1474 miserendi:

47 1538 54 1547 .
110 1490 151 1555 In
171 1491 272 1557 eladis
293 1496 405 1556 tantae
427 1491 524 1556 rediit
545 1495 661 1557 terrori
684 1516 721 1559 us
744 1495 779 1558 in
802 1515 854 1576 se,

53 1594 96 1637 eoo
110 1575 278 1642 Virtutum
299 1578 463 1660 meminit,
485 1598 565 1661 quae
588 1575 755 1642 Wilbrerd
778 1577 980 1658 nobilitavit,

110 1659 202 1725 Intra
222 1682 257 1725 se
278 1662 382 1725 rixam
403 1683 461 1744 pro
483 1683 518 1725 se
541 1663 690 1745 concepit
711 1666 744 1726 et
764 1663 862 1742 iram,

110 1747 219 1829 Aeger
241 1744 380 1809 vicinam
402 1745 486 1828 quod
510 1743 671 1810 distulerit
692 1743 899 1826 medicinam,

111 1827 222 1894 Poena
242 1829 287 1894 sit
307 1828 379 1893 dira
399 1834 504 1894 tortus
526 1829 646 1895 virtute
668 1829 861 1914 propinqua.

109 1912 230 1979 Evolat
250 1913 451 1997 accelerans,
473 1913 608 1998 pedibus
630 1913 727 1978 timor
751 1913 866 1998 alligat
886 1913 970 1995 alas,

58 2017 100 2058 eos
113 1996 230 2082 Venit,
251 1999 427 2096 prostravit
448 2019 499 2081 se,
521 1997 649 2097 fletibus
671 2019 727 2063 ora
747 1999 896 2098 rigavit,

112 2079 229 2232 00
243 2083 711 2265 maturuisse
727 2083 921 2264 000
944 2102 996 2161 ⁹⁶2

111 2249 183 2316 Nec
204 2271 264 2316 aua
285 2251 370 2316 dona
391 2257 491 2338 negat
512 2255 642 2336 pretatis
664 2250 755 2328 fons,
777 2250 833 2315 sed
854 2249 1006 2332 inundat,

112 2333 275 2400 Haustum
295 2337 395 2401 tradit
416 2356 519 2419 aquae
539 2335 600 2400 sibi
622 2356 680 2419 per
699 2356 733 2399 se
747 2333 976 2412 sanctificatae,
998 2337 1021 2395 f.
1035 2342 1081 2393 ⁷8¹

60 2437 102 2478 uo
115 2418 181 2484 Ore
202 2421 385 2504 prophetali
407 2420 525 2505 retegit
548 2423 671 2484 secreta
692 2418 807 2483 futuri:

113 2503 203 2569 ‘Non
225 2505 426 2571 contristeris
464 2526 533 2571 non
554 2525 668 2588 exspes
690 2507 799 2569 mente
861 2501 975 2567 averia.

110 2587 173 2654 Est
193 2588 306 2654 domus
328 2589 408 2655 haec
429 2554 500 2655 lliti
522 2589 616 2670 duta,
639 2592 708 2654 tota
729 2609 835 2653 crema
857 2588 925 2653 itur
946 2585 1025 2671 igni.

110 2671 270 2737 Iudicium
293 2673 416 2739 domini
437 2675 537 2739 fixum
559 2674 674 2758 nequit
695 2693 768 2738 esse
790 2673 941 2753 refixum,

112 2755 176 2822 Sed
198 2779 417 2842 quaecumque
431 2761 539 2843 potes,
562 2758 656 2842 prius
671 2756 821 2838 extrahe,
844 2755 974 2839 longuus
990 2753 1082 2836 abde,

58 2859 99 2902 cu
111 2840 234 2906 Abdita
254 2841 415 2908 salvificae
435 2862 586 2928 resperge
608 2841 789 2926 liquoribus
811 2838 933 2918 undae,

113 2923 171 2991 Sta
193 2947 286 2992 cruce
308 2927 472 3012 signatus,
496 2931 556 2992 tua
577 2927 698 3012 respice
720 2925 838 2990 damna
859 2925 978 2989 reatus.

183 3116 234 3166 584
250 3111 415 3180 predamG
484 3117 534 3166 008
557 3110 775 3182 exoacpissetG
843 3114 894 3165 080
915 3123 1080 3177 presumere

116 3177 176 3233 GT
258 3184 309 3234 003
327 3195 505 3248 exorcysmus
524 3179 582 3233 GT
664 3185 715 3234 004
732 3179 833 3232 eaessit
854 3174 1039 3256 -rrecaessit
1057 3175 1084 3230 θ

114 3250 166 3301 000
183 3261 258 3316 pene
277 3246 337 3301 GT
411 3253 462 3302 000
479 3262 549 3316 quos
569 3246 628 3301 GT
699 3251 747 3301 001
767 3245 916 3316 concoepit
934 3242 972 3322 θ,
1032 3247 1086 3362 00101

112 3311 320 3504 pepp,
862 3310 1095 3441 0000

181 3466 200 3518 P
