2370 3810
234 170 324 225 VITA
339 169 588 226 WILLIBRORDI
605 169 779 226 METRICA.
802 170 868 231 LIB.
881 171 917 231 Il.
1016 171 1055 236 21

94 323 165 388 Hac
188 325 238 388 vir
259 322 456 408 apostolicus
478 321 584 387 forma
605 344 749 388 maerore
771 323 895 389 solutus
938 348 941 353 ·

94 407 252 475 Lucratus
274 408 436 473 modicum
459 406 625 472 doctrinae
647 429 752 473 meroe
773 407 926 473 lucellum

94 492 244 578 Triginta
265 493 366 557 lectos
389 512 497 557 secum
518 493 699 557 transvexit
720 493 872 576 ephebos,

95 577 210 641 Lorica
230 577 312 641 fidei
327 576 476 660 munivit,
501 577 622 641 casside
644 577 744 661 verbi,

57 680 82 719 co
96 661 183 726 Ditis
205 664 420 726 commentum
440 662 610 745 praevenit
632 666 665 727 et
684 661 962 746 impedimentum,

96 746 212 810 Abluit
233 768 253 810 a
274 767 368 828 noxa,
392 767 487 830 quam
509 747 672 812 contraxit
692 752 785 812 vetus
806 747 921 812 Adam.

139 829 196 894 XI.
225 829 285 895 Sed
301 832 377 915 quia
397 830 445 894 nil
458 831 590 913 laetum,
603 831 652 894 nil
673 834 721 896 est
742 832 777 894 in
793 852 888 896 carne
904 832 1059 918 quietum,

95 914 199 979 Immo
223 916 380 998 turbatur,
403 914 490 999 quod
513 919 706 998 conceptum
728 918 908 1001 generatur,

93 999 330 1065 Evectus‘navi
352 1001 493 1064 iactatur
513 998 644 1063 turbine
666 998 793 1083 grandi,

56 1083 170 1149 cNon
191 1088 301 1149 tamen
324 1083 466 1149 afficitur
487 1083 621 1163 iactura,
643 1102 712 1147 non
733 1085 922 1162 remoratur,

94 1167 157 1234 Sed
178 1170 297 1252 recipit
317 1167 431 1252 laceris
453 1167 546 1230 illum
568 1166 673 1231 brevis
696 1166 801 1231 insula
821 1167 928 1252 remis,

92 1252 205 1316 Insula
225 1251 430 1317 Fositesland
452 1251 511 1315 sub
534 1249 712 1317 Fresonum
735 1252 871 1318 dicione.

92 1335 252 1401 Planities
275 1336 335 1401 lati
355 1339 446 1419 patet
466 1335 520 1400 hic
536 1337 726 1485 gratissima
747 1338 863 1420 campi,

95 1420 250 1485 Gramine
272 1420 389 1485 fertilis
412 1424 462 1485 est
483 1423 516 1485 et
559 1421 676 1501 oribus,
700 1421 798 1486 ubere
819 1420 966 1506 glaebae.

55 1526 81 1565 ro
95 1505 197 1570 Laeta
219 1507 340 1571 virecta
362 1525 477 1592 greges
500 1510 637 1590 carpunt
658 1505 831 1570 abdomine
855 1506 1001 1604 pingues.

93 1589 200 1675 Longi
221 1593 319 1655 nocte
340 1590 431 1655 brevi
453 1594 647 1674 reparantur
668 1589 786 1654 damna
810 1590 883 1670 dier,

94 1674 159 1739 Ros
182 1675 286 1740 reddit
307 1674 432 1760 gelidus
455 1679 612 1758 quantum
636 1674 873 1757 consumpserit
893 1675 1009 1738 aestus.

94 1758 208 1824 Manat
230 1781 332 1843 aquae
353 1760 439 1844 iugis
460 1760 545 1840 fons,
568 1756 656 1822 unda
677 1757 930 1841 superstitionis;

95 1843 157 1919 Qui
181 1844 262 1908 bibit
284 1844 370 1927 inde,
392 1846 487 1921 tacet,
509 1843 572 1907 fari
593 1842 722 1927 penitus
744 1842 828 1907 nihil
850 1841 955 1926 audet,

56 1949 81 1988 rs
94 1928 172 1994 Non
194 1928 311 1993 mutire
333 1928 418 2008 licet,
441 1927 549 2001 tacitis
571 1949 634 1993 vox
656 1927 805 1993 faucibus
827 1927 948 1993 haeret.

93 2012 236 2078 Iniectos
259 2012 375 2078 situlae
396 2033 546 2078 nummos
567 2034 635 2077 non
657 2012 820 2079 contrahit
840 2013 881 2077 cd
904 2034 948 2096 se,

95 2096 183 2177 Orat,
207 2101 245 2163 ut
265 2099 397 2179 accedit,
420 2099 466 2162 sic
489 2101 569 2178 orat,
593 2098 721 2182 quando
744 2097 873 2165 recedit.
981 2104 1001 2160 f.
1014 2108 1061 2156 vsuv

93 2182 263 2248 Excolitur
283 2183 395 2248 fanum
407 2181 567 2256 sollemni
589 2204 678 2247 more
699 2182 892 2265 profanum:

96 2267 199 2333 Nemo
221 2268 327 2333 viator
348 2266 426 2346 adit,
447 2266 512 2329 nisi
535 2287 631 2349 quem
652 2265 706 2329 via
727 2265 857 2348 longior
879 2263 982 2347 angit,

54 2373 81 2414 ao
95 2351 209 2437 Nemo,
232 2351 318 2451 quod
340 2355 427 2415 errat
448 2350 504 2432 ibi,
526 2370 625 2434 pecus
647 2353 697 2413 est
716 2347 890 2413 formidine
911 2347 980 2430 leti,

94 2435 181 2502 Nam
202 2458 258 2521 qu1
280 2436 470 2521 praesumit,
493 2435 593 2519 perit,
614 2435 703 2499 hunc
726 2453 794 2498 sors
816 2433 931 2498 ultima
953 2431 1058 2516 punit.

94 2520 165 2587 Hac
186 2522 221 2588 in
243 2522 326 2586 valle
349 2520 411 2585 sibi
434 2520 528 2585 iussit
548 2520 689 2586 tentoria
711 2519 810 2598 tendi,

95 2606 300 2691 Contempsit
321 2606 625 2690 cultumritumque
647 2604 917 2689 superstitiosum,-

94 2690 172 2756 Non
194 2691 316 2756 rabiem
339 2691 425 2776 regis
446 2690 564 2771 timuit,
587 2712 656 2756 non
678 2690 784 2774 iurgia
805 2689 922 2774 gentis,

55 2796 83 2836 ss
97 2774 234 2841 Mactari
255 2796 386 2842 mensae
407 2776 555 2860 permisit
575 2775 712 2860 pinguia
734 2794 888 2858 quaeque,

96 2859 176 2925 Tres
197 2862 233 2925 in
254 2861 345 2926 fonte
367 2862 454 2925 viros
477 2861 655 2944 baptizavit
676 2861 858 2936 renovatos,

96 2943 181 3010 Sivit
203 2945 244 3009 ab
265 2947 387 3011 urceoli
408 2945 510 3010 fundo
533 2944 688 3008 libamina
708 2940 790 3006 tolli.

164 3136 197 3186 56
219 3145 329 3186 merore
355 3129 415 3187 GT
489 3133 522 3184 60
544 3129 676 3198 prevenit
699 3127 757 3182 GT
788 3127 1014 3246 inpedimentpm
1037 3127 1063 3181 G

96 3202 129 3321 d}
142 3199 246 3336 glleetblald
259 3197 295 3321 g
292 3265 318 3320 Τ
368 3203 402 3320 dd
414 3194 851 3344 Lpppcpcptppmpmfficoipmlps
868 3193 975 3316 deeladt
986 3193 1066 3338 ,ιιιίιὶιὴφ-

94 3335 150 3389 trre
164 3333 189 3388 Τ
202 3333 299 3414 'heret
312 3333 339 3388 G
390 3339 421 3388 77
435 3331 604 3411 accaedrt—
614 3330 739 3386 recaedrt
753 3330 779 3385 G
830 3335 867 3384 ‘la
877 3326 1075 3382 sslsmxts'n

93 3401 250 3524 pgclpoestpn?
258 3407 338 3524 GP&
352 3398 563 3528 prgduffiffff
614 3393 959 3467 llbcultumlvubtum'l
982 3396 1099 3499 *rw*
