2370 3810
235 169 326 227 VITA
343 168 593 226 wluamuoam
609 164 779 230 nnuman.
813 171 881 227 LIB.
899 172 934 232 11.
1028 175 1069 240 41

107 321 231 388 Desine
253 345 368 411 cogere
389 347 457 411 me,
478 325 573 411 fungi
594 346 660 390 non
682 324 784 389 audeo
806 346 865 408 pro
886 329 935 409 te,

109 405 178 474 Sim
198 409 261 474 nisi
305 410 470 490 ermissus,
494 412 585 475 cuius
607 430 678 475 sum
698 409 820 474 famine
841 410 981 475 missus!
1030 459 1032 463 a

107 491 170 557 His
193 497 242 558 est
264 431 377 579 efdgiis
399 495 553 561 discessio
575 494 663 560 facta
684 494 844 559 modestis.

108 575 172 642 Sed
193 597 253 643 ceu
274 578 432 664 disposuit
452 580 595 665 praesul,
619 579 776 645 successio
799 579 907 653 cessit,

49 681 95 723 rao
108 660 186 727 Non
208 683 242 727 se
262 662 426 748 deposito,
449 667 504 729 sed
526 665 633 731 carnis
655 684 782 729 carcere
804 663 910 728 ducto.

152 744 273 813 XXIV.
315 747 378 814 Hic
417 751 517 815 tantis
555 749 669 833 opibus
708 747 844 833 psyches
883 748 1004 812 ditatus
1041 752 1074 813 et

721 837 834 897 auctus
999 839 1074 895 taor

107 913 248 980 Pulcher
268 920 305 982 ut
325 920 375 981 est
396 917 497 1000 intra,
520 918 566 983 sic
587 916 723 1001 pulcher
744 916 860 980 claruit
884 920 974 980 extra

107 997 250 1065 Sometis
272 1001 404 1088 egregia
424 1002 529 1067 forma
550 1001 697 1083 facieque
717 1003 861 1064 venusta.

108 1082 355 1153 Oaniue'nivoo
375 1086 519 1152 formoso
543 1085 661 1150 vertice
683 1104 793 1168 sparsa

49 1185 94 1227 raa
107 1165 171 1232 Per
192 1170 357 1253 speculum
379 1172 485 1236 earnis
508 1192 541 1235 se
563 1169 679 1254 pandit
700 1168 804 1268 gloria
825 1169 952 1233 mentis.

105 1250 250 1318 Deliciae
271 1253 404 1320 Doridis
426 1255 517 1321 foret
537 1254 625 1320 hune
647 1254 770 1341 Ab1scg
792 1252 987 1338 Sunamitis,

105 1335 168 1400 Est
188 1337 334 1436 amplexa
353 1361 463 1405 senem
485 1339 644 1424 sapientia
666 1359 789 1403 summa
809 1339 979 1403 virentem.

104 1419 184 1486 Non
206 1425 325 1488 minuit
345 1425 471 1489 senium
493 1424 637 1489 divinum
659 1444 791 1488 munere
812 1443 957 1488 sensum:

109 1503 177 1569 Vox
201 1507 270 1571 eius
291 1506 410 1592 dulcis,
433 1508 525 1573 favus
547 1513 596 1574 est
617 1507 770 1573 facundia
791 1507 906 1572 mellis.
950 1509 952 1513 ’

46 1606 91 1647 ⁷³0
104 1587 225 1655 Vivere
247 1612 313 1656 non
358 1594 458 1679 iguit,
483 1594 647 1677 quianon
672 1593 762 1657 carni
784 1612 859 1656 caro
881 1592 977 1674 vixit3

104 1671 170 1740 Sed
191 1674 308 1741 faciem
330 1614 451 1743 domini
473 1679 585 1742 sitiens
608 1677 695 1741 faeie
720 1675 879 1758 speculari

103 1757 204 1823 Fudit
225 1759 420 1827 inundantes
440 1762 645 1826 lacrimarum
667 1759 814 1824 funditus
839 1779 965 1841 amnes,

104 1840 286 1910 Permixtas
306 1846 455 1929 precibus
477 1845 576 1910 volvit
597 1845 657 1910 sub
678 1848 808 1929 pectore
830 1847 977 1928 questus:

104 1926 202 2004 ‘Quid
216 1950 325 1994 moror
338 1929 400 2014 hic,
411 1930 487 2016 quid
499 1952 571 2016 ago,
584 1929 683 1995 deus?
699 1933 733 1994 et
742 1932 775 1994 te
787 1929 917 2013 quando
928 1928 1070 1994 videbo?

50 2027 91 2069 ⁷⁸⁵
103 2011 188 2093 Scis,
211 2013 287 2098 quia
308 2014 408 2100 diligo
431 2021 478 2100 te,
500 2015 663 2095 desidero,
687 2035 738 2078 me
759 2013 852 2078 trahe
874 2016 1018 2097 postte,

102 2096 183 2181 Fac,
205 2102 444 2185 unguentorum
466 2120 591 2165 curram
614 2101 673 2164 sub
697 2098 793 2164 odore
816 2102 955 2167 tuorum.

102 2181 203 2247 Pulso
223 2203 337 2249 senex:
359 2185 448 2268 aperi
470 2185 565 2268 mihi,
588 2183 629 2249 da
649 2184 730 2247 mihi
754 2187 786 2248 te
807 2181 942 2247 satiari’

104 2266 166 2333 Sed
189 2267 266 2352 quid
289 2266 477 2347 differimus,
501 2269 585 2352 quod
607 2267 770 2351 protelare
792 2265 987 2350 nequimus?

103 2350 154 2416 De
175 2351 281 2417 carnis
303 2352 369 2418 leto
392 2353 466 2419 data
486 2353 539 2416 lex
560 2352 663 2416 estin
685 2351 848 2434 paradiso,

49 2447 92 2488 ⁷⁴⁰
104 2434 170 2499 Lex
190 2436 402 2502 intransibilis
424 2441 511 2502 carto
533 2437 592 2501 sub
613 2436 715 2499 limite
737 2436 821 2500 finis.

104 2518 262 2606 Mortem,
285 2543 497 2605 quaeaceros,
523 2542 608 2605 quae
630 2520 783 2586 dissociat
804 2519 958 2601 sociates,

105 2602 245 2669 Mortem
266 2608 486 2672 transmissam
508 2606 578 2671 fore
601 2607 702 2670 sensit
724 2605 829 2670 cernis
850 2606 891 2669 ad
913 2625 1035 2688 eseam,

105 2688 250 2754 Auribus
272 2691 410 2756 internis
432 2691 556 2755 audivit
577 2711 706 2755 carmen
728 2691 861 2755 amoris:

106 2771 226 2838 ‘Imber
233 2823 243 2857 ,
265 2774 394 2860 hiemps
415 2776 496 2840 abiit
517 2780 643 2840 matura
665 2795 705 2838 ue
727 2774 844 2838 messio
866 2773 970 2837 venit:

49 2869 92 2912 2⁴⁶
104 2854 218 2942 Surge,
241 2858 325 2941 veni,
348 2881 497 2944 propera,
515 2861 624 2943 sponsi
677 2858 817 2922 alamum
840 2857 939 2939 cupis,
954 2857 1041 2920 intra
1049 2858 1070 2921 1⁹

103 2940 231 3028 Surgit,
254 2948 291 3009 ut
313 2944 513 3029 egrediatur,
537 2953 571 3008 et
592 2944 676 3024 exit,
701 2946 737 3007 ut
759 2939 968 3026 ingrediatur.

102 3027 201 3091 Anno
222 3029 388 3113 progeniti
409 3030 516 3094 cernis
539 3028 599 3093 sub
621 3027 765 3111 imagine
785 3024 875 3090 verbi

163 3200 220 3274 ,⁷3⁹
237 3196 333 3265 presul
353 3197 412 3251 GT
449 3197 538 3252 caesit
556 3197 583 3250 G·
672 3200 719 3250 cal
744 3193 860 3272 sppches
880 3193 939 3249 GT
1020 3198 1071 3248 724

101 3260 304 3413 scididdiechtf
339 3263 636 3400 issd2dedrdfsdaogmssds
650 3331 676 3384 Τ
698 3260 1000 3386 7¹2‘1⁷ddvuerdt‘dlrlitoqr'um
1014 3265 1073 3383 ἐξ*

100 3401 160 3478 787·
174 3414 275 3454 sacrari
295 3399 354 3454 GT
420 3404 469 3454 739
492 3399 614 3454 laetod
648 3398 791 3469 paradyso
809 3397 836 3453 G
934 3401 993 3449 ’mu
1011 3395 1082 3444 uio·

101 3464 192 3521 lirmte
212 3466 269 3522 OT
336 3467 563 3524 maescamG
633 3461 915 3539 ittupempsGT
