2370 3810
83 136 124 198 14
463 130 653 187 'PHIOFRIDI

80 287 209 367 Nullus,
232 285 289 373 qui
310 287 459 371 propriae
481 286 585 350 nescit
606 285 825 350 moderamina
847 289 956 377 vitae,
992 296 1027 353 ξε

81 370 162 436 Esse
185 374 294 455 potest
314 372 400 436 vitae
421 370 518 434 iudex
540 374 573 435 et
594 370 658 435 dux
681 369 813 434 alienae.

83 454 214 522 Solvere
236 457 291 541 qui
313 456 444 520 lintrem
466 456 590 533 metuit,
613 458 707 541 regat
727 454 812 519 unde
834 457 1043 528 triremem?

29 559 68 602 eso
81 538 136 605 Fit
155 563 214 625 per
236 563 316 606 onus
338 541 469 624 gravius
491 539 622 622 gravior
644 539 704 604 sub
725 538 868 623 pondere
891 541 1025 629 lapsus.

78 623 165 690 Hinc
186 626 298 710 igitur,
322 624 454 701 domini,
477 624 557 688 mihi
579 646 646 689 non
668 626 773 688 estote
794 625 940 712 molesti,

78 709 141 774 Sed
161 709 359 792 provisorem
382 708 546 789 disquirite
568 730 619 773 me
641 709 822 793 potiorem'

77 790 150 857 Hoc
172 792 227 857 ubi
250 793 369 858 flumen
392 814 493 877 aquae
515 793 606 858 vivae
628 793 729 877 patris
752 792 858 858 effluit
880 816 954 880 ore,

77 876 219 962 Dignior
241 882 290 944 est
311 878 452 962 habitus,
474 878 550 961 quia
573 899 640 943 non
662 877 779 962 dignus
801 878 863 942 sibi
885 881 996 949 visus.

26 981 64 1023 sss
78 961 152 1027 Dux
174 971 207 1029 et
227 966 384 1049 primores
407 964 530 1028 instant
551 962 716 1027 ardentius
738 984 858 1041 omnes,
975 975 1059 1032 aon

79 1047 120 1114 Se
142 1070 210 1113 non
232 1054 364 1114 excuset
385 1069 445 1113 nee
467 1069 550 1112 onus
571 1047 671 1112 vitale
692 1050 835 1129 recuset,

78 1131 160 1198 (lum
182 1133 225 1197 sit
247 1133 289 1197 ob
311 1133 372 1199 hoo
395 1133 503 1217 petria
522 1131 621 1217 longe
643 1136 784 1196 semotus
806 1131 904 1218 avita,

76 1214 189 1281 Vitam
210 1238 270 1299 pro
292 1218 360 1282 vita
405 1217 547 1300 ropriam
570 1217 624 1281 det
645 1237 745 1281 ovans
769 1216 883 1281 aliona

78 1239 1054 1392 Quidfaceret?quiddiceret‘lhincamor,hinctimorurget3

25 1406 64 1446 seo
78 1383 141 1449 Hic
162 1388 282 1465 monet,
305 1391 343 1449 ut
365 1384 465 1465 cedat,
489 1390 602 1450 contra
623 1386 737 1470 strepit
758 1385 824 1468 ille,
847 1386 999 1455 recedat:

75 1468 165 1533 Inter
187 1472 358 1554 utrumque
381 1471 482 1553 stetit,
505 1471 586 1556 legis
608 1472 818 1535 monumenta
839 1471 992 1541 revolvit.

75 1553 143 1620 Lex
164 1555 264 1636 iubet,
288 1564 334 1638 nt,
358 1556 458 1641 siquis
481 1556 634 1640 persolvit
656 1555 764 1619 debita
786 1556 892 1619 carnis

75 1638 268 1706 Posteritate
291 1662 411 1723 cerens,
435 1641 462 1705 si
484 1643 528 1705 sit
548 1640 610 1705 sibi
632 1643 735 1724 nupta
756 1643 931 1723 superstes,

76 1725 222 1791 Conubio
245 1726 353 1791 stabili
376 1727 418 1791 sit
439 1726 581 1790 coniunx
604 1724 671 1788 eius
693 1723 832 1806 adelphi,

24 1807 125 1874 sesNe
147 1810 256 1874 fratris
279 1831 387 1875 semen
410 1814 530 1894 pereat,
553 1809 722 1888 successio,
745 1829 874 1872 nomen.

73 1891 198 1957 Ducere
220 1895 247 1957 si
269 1895 387 1975 renuit,
411 1897 482 1958 rata
504 1895 531 1957 si
554 1893 718 1976 sponsalia
738 1893 864 1976 temnit,

73 1976 219 2062 Exspuat
240 1978 275 2041 in
298 1977 414 2042 faciem
436 1977 552 2041 mulier
574 1977 705 2042 viduata
726 1977 862 2061 virilem,

72 2061 123 2127 Ex
146 2062 213 2126 eius
235 2062 370 2147 pedibus
393 2062 539 2126 dematur
561 2062 687 2126 calceus
709 2084 803 2144 unus,

71 2145 160 2212 Nudi
185 2169 218 2212 es
240 2152 278 2212 ut
300 2146 403 2212 dictus
426 2146 516 2211 nullo
539 2148 582 2211 sit
603 2149 734 2211 nomine
757 2146 882 2230 dignus.

20 2230 132 2297 evoEst
153 2169 230 2298 (leus
253 2233 384 2298 effectus
407 2233 445 2297 de
467 2232 592 2318 virgine
614 2235 724 2297 noster
745 2231 909 2316 adelphus,

71 2315 231 2398 Formam,
254 2340 319 2382 non
341 2319 392 2384 cul
417 2340 469 2382 am
490 2317 592 2381 nostri
614 2317 690 2381 dum
712 2316 848 2401 sumpsit
863 2316 903 2381 ab
921 2317 1039 2404 Adam,

71 2400 133 2465 Ter
158 2405 225 2466 aret
245 2405 282 2466 ut
303 2341 443 2466 maculas
465 2401 553 2466 Adae
575 2402 693 2465 veteris
714 2423 819 2466 novus
841 2401 956 2466 Adam.

70 2424 248 2548 Ecclesiam
271 2490 392 2548 castam
413 2484 622 2568 desponsavit
643 2486 705 2550 sibi
727 2507 890 2569 sponsam,

72 2567 134 2633 Sed
157 2569 248 2652 quasi
270 2569 370 2652 stirpe
392 2589 505 2633 carens
529 2569 610 2633 obiit
632 2572 733 2653 patris
756 2571 852 2636 unica
872 2571 993 2658 proles,

23 2675 62 2717 are
75 2652 186 2736 Liquit
208 2653 358 2717 dilectam
380 2653 593 2718 contectalem
615 2654 789 2735 viduatam,

75 2735 283 2825 (laeligenam
305 2739 429 2822 prolem
452 2738 527 2802 dum
550 2739 696 2804 nondum
717 2740 855 2823 protulit
877 2762 1020 2807 omnem.

74 2823 160 2890 Huic
183 2828 295 2888 tantae
317 2824 432 2888 viduae
455 2824 482 2888 si
504 2825 616 2908 sponsi
637 2824 738 2889 frater
759 2825 879 2907 adesso,

73 2906 107 2973 Si
129 2908 221 3006 iungi
243 2910 337 2991 nolit,
360 2909 435 2974 dare
458 2929 531 2973 oum
554 2908 674 2973 dotalia
695 2909 808 2992 possit,

74 2990 155 3057 Cum
179 2997 221 3056 srt
242 2993 419 3076 praedives,
443 2993 598 3059 virtutum
621 2993 710 3059 lucra
732 2995 908 3079 requirens,

22 3075 244 3142 smExcutitur
266 3077 363 3160 solea,
386 3078 535 3142 foedatur
556 3078 591 3142 in
613 3100 667 3143 ore
690 3078 799 3156 saliva,

139 3233 199 3306 85⁴2·
208 3228 350 3298 pociorem
371 3229 429 3283 GT
490 3235 540 3286 360
565 3230 667 3309 caedat
683 3260 716 3270 -
734 3230 869 3285 rsoacdat
893 3228 945 3307 G¹
988 3235 1042 3286 364

73 3294 218 3350 Connubro
233 3325 265 3336 -
278 3295 362 3351 adelfi
382 3296 440 3350 GT
513 3298 661 3376 3otlatr1s
680 3296 707 3351 T
771 3304 822 3354 366
839 3297 962 3376 tcmpnrt
981 3299 1042 3353 GT

71 3368 122 3485 re
139 3362 323 3500 reae
386 3364 636 3490 referans
