2370 3810
153 157 195 223 43
218 138 221 143 '
540 153 730 210 rarorumr

154 309 231 375 Non
252 311 361 372 tamen
384 311 433 373 est
453 306 556 371 tristis
579 306 664 371 visus
686 305 810 371 derisor
830 309 969 394 Anubis,

101 412 141 454 155
156 393 277 458 Derisit
297 392 438 457 monitus
461 391 616 456 scelerum
637 391 697 456 sub
718 392 847 476 gurgite
869 414 1002 459 mersus.

155 477 290 543 Esuriit:
313 477 447 542 vetitam
469 477 643 541 moriturus
664 477 755 541 venit
775 475 816 541 ad
839 498 955 556 escam,

154 561 250 628 Fudit
271 583 344 627 cum
366 582 468 627 sanna
489 563 707 644 transgressor
729 560 839 625 inania
861 562 964 629 dicta:

152 646 251 712 ‘Num
266 646 355 728 mihi,
377 666 419 710 ne
436 666 547 709 vescar
560 666 665 728 neque
679 649 800 729 potem,
823 647 983 731 praecipit
997 648 1117 715 abbae?

154 731 280 814 Deputo
303 751 362 814 pro
385 728 501 795 nihilo:
524 729 698 808 comedam,
722 734 804 811 potu
825 731 991 797 satiabor?

101 834 140 874 reo
154 814 318 895 (luctavit,
341 814 464 897 cecidit,
486 813 593 898 periit,
617 816 727 878 tamen
749 818 825 879 ante
846 817 964 881 retexit

152 899 265 981 Omne,
288 898 375 983 quod
396 897 552 982 occuluit,
575 897 656 962 Phle
680 898 823 963 ethontis
845 903 964 985 stagna
986 902 1115 972 subivit.

152 984 220 1050 Hac
242 984 429 1049 coenobitae
451 1004 529 1047 nece
551 982 647 1047 formi
689 987 722 1048 te
744 982 865 1067 perircl

152 1068 236 1145 Quid
257 1090 376 1133 nomen
401 1072 539 1132 vestrum
564 1066 663 1132 Graio
686 1068 725 1131 de
747 1068 879 1133 nomine
900 1069 1032 1153 flexum,

150 1152 235 1228 Quid
257 1153 310 1235 sit,
334 1151 411 1236 quid
433 1156 572 1232 moneat,
596 1152 768 1235 prudentia
790 1156 897 1218 vestra
918 1154 1077 1221 revolvat.

102 1237 194 1301 165111
216 1257 385 1302 commune
406 1237 504 1320 piam,
528 1234 719 1302 concordem
742 1237 849 1301 ducite
871 1239 983 1322 vitem,

153 1320 326 1406 Zelotypae
348 1320 485 1384 Phariae
507 1341 580 1385 cum
601 1320 718 1405 Ioseph
740 1321 879 1405 linquite
900 1327 1035 1408 vestem,

153 1405 232 1487 Nec,
256 1426 337 1488 quae
360 1403 524 1486 sufflantis,
548 1426 629 1488 quae
650 1405 792 1490 fugietis,
814 1407 978 1490 repetatis,

152 1489 236 1554 Illud
258 1488 471 1573 apostolicum
493 1491 584 1553 taciti
605 1490 799 1573 perpendite·
815 1490 954 1559 dictum:

154 1573 245 1639 ‘Sum
267 1574 404 1656 mundo,
433 1574 573 1638 mundus
595 1574 675 1638 mihi
698 1577 844 1640 mortuus
865 1579 899 1641 et
920 1577 1119 1643 crucifixus!

100 1675 139 1716 no
151 1659 183 1724 N
185 1681 228 1724 on
240 1658 329 1724 videt
345 1659 524 1724 exanimem
537 1680 642 1742 neque
658 1659 720 1723 scit
739 1681 812 1725 caro
829 1663 958 1733 mortua
977 1682 1120 1746 carnem,

152 1742 204 1809 Sic
227 1765 287 1809 nec
309 1766 367 1809 voe
388 1744 543 1826 mundus,
572 1764 633 1808 nec
654 1765 711 1809 vos
735 1745 920 1828 cognoscite
948 1746 1120 1812 mundum.

152 1827 183 1893 N
185 1829 318 1893 overitis
339 1829 534 1894 monachum
557 1828 668 1894 divina
689 1827 826 1893 monade
848 1829 978 1900 dictum.

151 1911 191 1973 Iu
212 1912 302 1976 vobis
326 1933 438 1977 monas
461 1913 514 1992 sit,
536 1933 603 1976 non
625 1913 669 1977 sit
690 1913 777 1978 linea
797 1913 819 1978 d
840 1935 884 1992 aa,

152 1994 239 2076 Non,
262 1995 326 2061 nisi
349 2016 430 2078 quae
452 1995 561 2079 prodit
582 1995 667 2077 hinc,
691 2019 788 2081 quam
810 1936 939 2063 dilectio
961 1999 1078 2066 tendit.

100 2095 138 2135 1⁷⁵
151 2078 202 2144 Ex
224 2084 313 2144 ‘uno’
336 2080 430 2144 dictis
451 2100 520 2145 non
542 2079 585 2144 sit
606 2079 721 2146 divisio
743 2083 870 2153 mentia.

151 2163 208 2230 Nil
229 2186 287 2230 vos
309 2164 428 2231 curetis
450 2166 489 2229 de
511 2166 640 2244 mundo,
663 2167 711 2230 nil
733 2167 899 2247 adametis,

151 2248 206 2314 Nil
228 2250 369 2315 mundus
390 2257 481 2315 curet
503 2248 541 2316 de
564 2251 667 2332 vobio,
691 2251 737 2314 nil
760 2257 856 2336 amet,
877 2257 977 2336 optet.

149 2334 290 2401 Perfecti
311 2336 464 2401 monachi
485 2335 585 2400 refert
606 2336 766 2420 despectio
788 2336 909 2418 mundi,

152 2416 277 2483 Defleat
298 2422 335 2482 ut
356 2441 400 2499 se,
423 2419 538 2484 defleat
558 2420 735 2485 humanum
756 2440 859 2506 genus
881 2443 986 2487 omne.

100 2518 138 2560 180
153 2500 270 2566 Omnia
281 2505 393 2565 sancta
403 2501 517 2567 decent
527 2504 724 2586 vos,furtum
735 2526 802 2571 non
812 2506 854 2570 eit
864 2506 950 2590 apud
961 2527 1032 2589 vor,
1044 2514 1065 2569 f.
1071 2519 1123 2571 84v

152 2585 227 2649 Non
250 2584 359 2648 Achar
381 2585 488 2665 lateat,
510 2587 594 2651 nihil
617 2610 655 2653 ex
677 2589 883 2657 anathemate
905 2594 1032 2676 tangat,

151 2668 201 2734 Ne
223 2669 470 2736 lerechuntinae
492 2672 636 2737 fuscetur
658 2675 763 2758 gloria
783 2675 928 2758 palmae:

152 2752 243 2820 Saxis
266 2757 418 2820 contusus
441 2757 540 2822 sitin
565 2758 672 2827 Achor
695 2759 778 2824 valle
800 2759 955 2843 sepultus.

150 2838 249 2906 Nulla
270 2841 313 2905 sit
334 2840 420 2907 inter
442 2864 496 2906 vos
519 2841 618 2925 fraus,
641 2865 707 2908 non
730 2844 773 2908 sit
794 2844 951 2911 avaritiae
972 2866 1054 2929 sore,

105 2938 143 2978 185
156 2923 207 2989 Ne
228 2925 318 3010 lepra
341 2926 429 2991 Giezi
451 2927 630 2992 maculetur
651 2928 759 2994 contio
781 2929 886 2994 vestri.

154 3006 308 3074 Officioaa
330 3011 381 3074 eui
402 3009 450 3075 nil
472 3010 626 3077 sedulitas
648 3011 778 3089 Elisaei,

152 3090 209 3155 Nil
231 3115 322 3157 amor
343 3095 515 3179 impensus,
538 3096 586 3160 nil
607 3096 732 3181 profuit
754 3097 899 3181 obsequii
921 3097 986 3164 ius:

222 3248 270 3298 186
288 3258 400 3298 aeeoam
418 3246 445 3300 G
514 3251 562 3302 188
580 3247 701 3317 precipit
720 3247 777 3301 GT
844 3253 893 3305 188
910 3249 1040 3305 moiabor
1064 3251 1124 3307 GT

154 3313 201 3364 181
226 3309 400 3380 Flegetontie
421 3312 478 3367 GT
550 3320 599 3369 162
618 3314 784 3370 coenobitae
809 3315 836 3371 θ
852 3316 951 3374 conob.
970 3316 997 3371 T
1070 3325 1121 3375 173

152 3376 232 3431 nobie
251 3378 277 3432 Τ
345 3385 392 3433 177
412 3379 546 3436 nobieT
622 3383 831 3438 raumaricae
855 3382 898 3438 G*
952 3390 1001 3441 185
1029 3384 1121 3455 Gyeai

150 3475 184 3485 -
207 3445 304 3500 concio
335 3446 393 3503 GT
461 3453 510 3503 188
528 3448 643 3518 Helyeei
663 3450 720 3505 GT
788 3456 836 3506 187
853 3450 1034 3519 inponam&
