2370 3810
272 155 360 211 VITA
377 154 628 211 WILLIBRORDI
646 154 959 214 unumunurm.
1059 157 1102 222 25

85 329 122 370 rea
136 309 209 374 irae
231 309 340 390 frena,
362 307 494 370 modum
517 307 643 390 statuit,
668 309 717 372 ius
740 309 865 373 censuit
886 329 1038 392 aequum,

134 393 250 460 Noluit
271 393 434 456 insontem
457 413 649 476 quemquam
673 394 742 456 sinc
764 392 837 478 lege
858 393 979 477 perire,

134 478 211 544 Non
233 478 418 542 accusatum
441 476 536 542 laesit
557 477 620 541 nisi
643 481 728 543 sorte
750 480 911 542 notatum.
932 506 935 512 ·

135 562 163 628 Ο
188 562 352 627 clibanum
374 562 492 625 mentis
515 565 656 646 quantus
678 562 888 628 succenderat
908 562 1011 647 ignis,
1093 596 1096 600 ·

135 648 222 713 Dum
245 668 279 711 se
302 648 481 731 contemni,
505 667 562 710 sua
583 646 666 713 vidit
688 667 777 712 sacra
799 647 917 712 refelli!
990 724 991 729 ἵ
1025 654 1044 709 f.
1055 650 1103 708 to*

85 751 121 792 roo
135 733 212 812 Non
233 732 268 796 in
291 730 465 795 Trinacriis
487 731 592 816 magis
615 736 741 797 aestuat
762 732 870 796 Aetna
891 731 1039 815 caminis,
1095 763 1098 768 ·

137 817 219 884 Oum
240 816 360 880 nubem
381 815 466 898 picei
486 817 669 900 prorumpit
690 819 724 880 in
748 816 880 881 aethera
900 816 983 884 fumi
1064 887 1066 890 .
1095 843 1097 850 ·

136 902 333 985 Eructatque
356 899 470 984 globos
492 900 641 965 flammae
663 901 872 986 scopulosque
894 901 1056 985 revulsos,
1097 922 1100 927 ·

137 985 270 1053 Viscera
292 985 410 1049 montis
432 985 502 1070 agit
524 985 582 1049 sub
606 984 736 1070 divum,
758 985 864 1051 sidera
886 986 1008 1050 lambit,

137 1071 199 1137 Sed
223 1092 256 1135 se
279 1069 451 1134 devincens
474 1069 611 1135 extinxit
632 1071 770 1155 pectoris
793 1071 894 1156 ignes.

84 1173 122 1214 19⁵
136 1158 183 1220 At
204 1157 306 1220 nostri
328 1175 477 1238 proceres
499 1162 660 1220 commotu
681 1155 745 1220 bile
766 1158 928 1220 tumentes

136 1239 239 1308 Extra
261 1261 294 1304 se
316 1239 452 1318 saliunt,
474 1239 606 1323 propria
628 1261 696 1305 non
718 1240 801 1324 pelle
824 1241 1008 1338 quiescunt?

136 1324 212 1391 Non
234 1324 386 1389 cohibent
407 1324 508 1388 nonis
529 1324 672 1390 animum
695 1324 875 1410 religantvc
898 1328 1036 1406 catcms,

139 1409 215 1476 Non
237 1409 350 1474 modus
373 1411 423 1473 est
443 1408 526 1493 irae,
548 1431 615 1474 non
639 1413 688 1474 est
709 1409 822 1474 dilatio
844 1431 987 1494 poenae,

139 1493 327 1561 Scintillant
349 1493 450 1572 oculi,
473 1497 550 1558 sunt
572 1495 757 1581 sanguinei,
779 1495 971 1572 truculenti,

85 1601 124 1641 roo
137 1578 283 1666 Ignescit
303 1578 428 1661 vultus,
451 1577 582 1662 linguae
604 1600 638 1644 se
659 1579 830 1663 praepedit
851 1600 943 1658 usus,

138 1665 304 1729 Amittunt
326 1684 471 1743 sensum,
494 1683 562 1727 non
584 1668 661 1727 sunt
681 1664 717 1728 in
738 1666 868 1747 pectore
885 1683 1014 1727 secum:

136 1748 273 1814 Insanos
295 1748 440 1812 homines
462 1748 596 1812 insanus
618 1749 703 1813 iuret
725 1747 864 1813 Orestes.

138 1832 200 1900 Sed
223 1832 300 1917 quid
321 1836 417 1897 necto
439 1852 544 1896 moras
567 1833 748 1899 sulcaturus
773 1832 871 1896 maris
893 1830 1043 1906 undas‘d

137 1917 280 2001 Explosa
302 1917 390 1982 rabie
412 1916 564 1981 Rabodus
586 1918 724 2002 bilisque
744 1920 871 1982 tumore

85 2022 124 2064 uos
139 2001 281 2067 Mutavit
303 2005 445 2067 urentem
468 2006 580 2066 contra
602 2001 651 2067 fas
675 2006 750 2066 ante
775 2002 950 2085 furentem,

140 2086 292 2152 Converti
314 2086 433 2169 voluit,
456 2107 515 2151 eeu
537 2087 643 2171 prisca
664 2088 778 2164 relatio
801 2087 926 2171 prodit3

140 2169 207 2237 Sub
230 2172 304 2237 fidei
326 2172 433 2255 specie
455 2171 616 2256 baptisma
638 2172 742 2236 sitivit
763 2171 860 2252 inire,

139 2256 275 2322 Plantas
297 2255 446 2333 immisit,
472 2255 527 2319 sed
550 2256 690 2320 deterior
709 2256 847 2319 resilivit

140 2340 215 2407 Sive
237 2344 326 2406 metu
347 2341 454 2426 gentis
476 2343 598 2421 motus,
621 2361 677 2404 seu
700 2340 833 2404 crimine
855 2339 984 2404 mentis.

85 2447 126 2487 aro
140 2424 218 2491 Non
240 2425 358 2490 meruit
379 2425 461 2490 turri
483 2424 564 2509 lupis
587 2425 741 2490 Ananeel·
757 2423 909 2509 copulari,

139 2510 286 2576 Excessit
308 2531 455 2575 normam
477 2531 646 2575 mensurae
668 2509 754 2574 filius
775 2511 851 2576 irae.

142 2595 205 2661 Sed
228 2596 304 2660 licet
325 2595 523 2676 abstractus,
547 2595 624 2660 licet
645 2598 729 2660 esset
751 2597 898 2680 apostata
920 2593 1040 2671 factus,

140 2680 189 2745 Le
232 2683 302 2745 tum
325 2679 416 2745 verbi
438 2679 514 2744 sivit
536 2679 595 2744 sub
617 2679 739 2745 honore
761 2681 889 2745 reverti.

216 2764 276 2830 Ill.
309 2764 401 2829 Exiit
422 2764 556 2829 antistes
584 2767 617 2829 et
638 2765 768 2830 transiit
796 2766 837 2828 ad
861 2763 1111 2830 Waliohrenses.

88 2869 129 2909 215
144 2849 206 2914 Est
227 2851 307 2914 haec
330 2849 426 2913 effora
448 2869 543 2935 gons,
565 2869 632 2913 non
654 2851 725 2913 iura
747 2869 860 2914 verens
881 2868 987 2931 neque
1009 2846 1109 2930 leges,

139 2932 216 2999 Non
239 2939 368 2999 assueta
389 2934 482 3019 iugo,
505 2954 572 2997 non
594 2934 745 3019 imperio,
767 2934 837 2998 sine
860 2933 968 3015 freno,

141 3017 285 3084 Cervicis
308 3019 423 3101 durae,
447 3018 610 3083 motabilis
632 3023 669 3083 ut
690 3019 789 3083 maris
811 3019 930 3098 undae,
1031 3024 1050 3078 f.
1066 3029 1111 3077 vir

655 3109 668 3132 0

210 3193 260 3245 188
277 3187 427 3257 clybanum
442 3184 500 3239 GT
546 3191 594 3241 189
612 3187 774 3256 contempni
787 3187 847 3242 GT
893 3192 941 3241 190
959 3183 1111 3240 AethnaG

140 3255 279 3310 EthnaT
341 3260 389 3310 193
408 3254 510 3323 sydera
529 3254 587 3309 GT
650 3260 698 3310 195
717 3260 857 3310 commoto
877 3255 903 3308 Τ
918 3255 1059 3308 commota
1077 3267 1111 3307 ea

143 3326 284 3379 commoto
302 3338 370 3382 corr.
392 3323 418 3377 G
483 3326 531 3376 198
549 3322 686 3390 penaeG
751 3329 800 3377 199
818 3323 955 3401 sanguine
974 3321 1000 3375 Τ
1060 3325 1110 3375 202

141 3390 276 3447 florentes
295 3390 353 3445 GT
437 3395 487 3444 206
510 3390 662 3445 relaxioT
746 3396 796 3446 208
817 3390 926 3443 inmisit
949 3388 976 3444 G
1060 3393 1112 3443 210

141 3459 289 3515 9111111911θί
309 3457 367 3514 GT
445 3463 495 3512 ala
514 3474 574 3513 esse
594 3459 619 3512 Τ
697 3456 911 3512 annuntius
