2370 3810
442 188 725 245 Pacnaeonnrn.
1017 194 1071 252 vn

104 342 274 429 girbertus
285 343 395 419 abbas,
411 342 467 424 qui
481 340 622 426 praefuit
632 340 825 406 monasterio
837 339 1071 424 Eptemacensi

106 430 147 492 ab
169 449 256 492 anno
281 426 361 491 1051
378 447 480 510 usque
495 425 534 490 ad
549 439 671 491 annum
689 426 782 508 1081,
798 429 969 509 antequam
985 424 1068 489 diem

104 533 290 661 sTuffirqffim
333 510 474 660 obffieqffu
498 530 716 659 succtessoreRm
744 520 868 660 'squntro
889 510 1071 658 dseiasignarit

127 618 189 661 ·o
255 617 320 664 um.
402 616 637 660 ooauem
701 616 816 660 ene
925 614 1070 658 ennon

104 682 230 765 potuit,
259 684 296 744 ut
322 681 433 744 statim
459 679 585 744 abbatis
612 617 944 779 munugThiofridus
972 679 1069 743 susci·

105 761 1071 946 errastisesi„arcesseremusne

105 955 177 998 cum
199 955 240 998 ne
262 934 386 998 duobus
408 933 537 1018 quidam
559 936 653 998 annis
667 937 740 1017 post
753 935 928 1018 imperator
943 954 978 997 1n
993 933 1069 996 Ger-

104 1017 246 1082 maniam
277 1019 476 1101 revertisset,
508 1017 695 1083 Thiofridus
726 1017 823 1102 Alpes
851 1020 1070 1102 transgressus

105 1124 175 1166 eum
199 1103 279 1167 adiit
301 1104 357 1186 (ef.
380 1104 498 1187 prioris
521 1102 661 1186 catalogi
682 1102 703 1167 l.
725 1101 773 1189 t),
801 1105 838 1166 ut
856 1102 898 1165 de
919 1102 1070 1165 manibus

106 1189 174 1251 eius
202 1190 364 1271 sceptrum
392 1187 559 1273 regiminis
587 1188 755 1270 acciperet.
776 1185 979 1261 ,Extiterunt
1001 1205 1070 1249 mo·

105 1271 204 1335 derne
238 1276 399 1355 tempore,
433 1271 489 1355 qui
522 1271 753 1336 contenderent
780 1269 985 1335 Thiofridum
1012 1291 1070 1354 per

105 1355 270 1419 biennium
286 1376 353 1420 rem
369 1355 519 1420 habuisse
534 1377 607 1421 cum
623 1356 831 1440 competitore
845 1357 953 1439 partes
968 1354 1065 1419 Hein-

105 1441 165 1504 rici
186 1440 388 1524 imperatoris
410 1443 578 1524 sequente,
603 1461 675 1505 curn
697 1441 765 1524 ipse
788 1439 979 1525 aGregorio
995 1437 1070 1503 VII.

127 1545 189 1608 apa
211 1529 327 1604 staret,
350 1527 383 1589 et
404 1524 540 1589 Romam
586 1524 745 1590 refectum
766 1524 891 1589 abhoc
909 1524 1081 1589 abbatiam·

97 1546 226 1674 ¹Xomae
253 1610 438 1694 suscepisse.
484 1547 584 1685 Quod
605 1610 660 1693 qui
687 1609 756 1674 fieri
785 1608 926 1693 potuerit
975 1627 1071 1692 aegre

103 1692 286 1778 intelleget,
315 1693 371 1777 qui
392 1715 443 1759 res
464 1696 523 1758 sub
545 1694 644 1758 finem
666 1697 745 1758 anni
769 1693 850 1757 1083
872 1692 912 1756 ad
932 1659 1070 1756 ttomam

104 1781 211 1863 gestas
234 1780 397 1842 contuitus
419 1778 489 1842 erit.
519 1777 634 1861 Neque
655 1778 702 1841 ita
723 1776 895 1841 verisimile
917 1780 967 1840 est
987 1797 1069 1856 eum,

105 1862 160 1946 qui
193 1869 308 1926 contra
341 1861 502 1926 aemulum
535 1862 776 1946 imperatorium
836 1882 916 1946 apae
949 1860 1070 1925 auxilio

105 1946 246 2030 palmam
268 1946 390 2028 tulerit,
405 1950 498 2011 tanta
513 1968 585 2011 cum
608 1947 788 2012 reverentia
802 1884 949 2011 {einrici
971 1946 1016 2010 im
1040 1967 1072 2010 e·

104 2031 221 2096 ratoris
254 2031 452 2097 mentionem
484 2031 610 2112 fecisse,
644 2036 681 2096 ut
707 2053 797 2096 exem
821 2031 845 2096 li
872 2031 1000 2116 gratia⁴
1035 2031 1069 2094 it.

104 2119 197 2184 metr.
213 2115 255 2180 II.
272 2116 442 2182 671-680
463 2117 533 2180 cius
556 2117 714 2201 originem
737 2138 756 2180 a
778 2054 961 2200 Kparolingis
982 2135 1071 2198 repe-

104 2200 194 2264 tierit
215 2199 397 2284 ibidemque
418 2223 447 2265 v.
465 2201 529 2265 674
550 2200 588 2265 de
611 2223 649 2265 ao
672 2201 805 2266 dixerit:
827 2199 1004 2265 Haereses

106 2283 227 2351 ansar
248 2290 277 2351 et
297 2286 477 2368 Accusare,
500 2305 561 2366 qao
580 2285 680 2367 fateat
705 2286 806 2350 sidere
827 2285 975 2349 mandas.
1020 2281 1052 2347 N
1054 2303 1071 2347 e

106 2367 209 2453 plura,
223 2370 257 2432 in
271 2372 343 2434 tota
357 2369 418 2434 hac
454 2369 621 2433 uaestione
633 2368 835 2432 aestimanda
850 2368 896 2432 eis
912 2366 1072 2431 calculum

106 2452 202 2536 addo,
230 2475 311 2537 quae
338 2453 419 2517 Lud.
494 2453 639 2518 eilandus
660 2453 681 2516 l.
705 2453 725 2516 l.
748 2474 822 2539 pag.
847 2453 886 2516 12
913 2452 1072 2536 exposuit.

104 2536 309 2602 'I'hiofridum
352 2539 546 2604 monasterio
584 2537 814 2623 Epternacensi
850 2537 1070 2603 strenuissime

105 2623 282 2706 praefuisse
310 2626 444 2707 uterque
472 2626 609 2688 testatur
636 2623 814 2709 catalogus.
852 2621 901 2687 De
934 2621 1071 2706 singulis

105 2707 201 2772 rebus
228 2708 269 2771 ab
292 2727 329 2770 eo
352 2707 452 2791 gestis
473 2707 557 2772 nihil
578 2709 711 2787 scimus,
740 2711 872 2792 excepto
896 2706 981 2792 quod
1003 2709 1072 2790 ipse

104 2795 217 2856 narrat
230 2792 265 2857 in
280 2790 359 2857 Vita
373 2791 462 2856 Will.
485 2812 554 2877 cap.
570 2791 712 2858 XXXVI
727 2793 847 2857 bellum
862 2791 1072 2856 domesticum

105 2877 192 2941 inter
203 2876 327 2941 insulae
337 2875 569 2942 Walichrensis
578 2877 777 2942 habitatores
790 2880 936 2941 exortum
949 2895 983 2939 se
997 2896 1072 2939 con-

109 2961 240 3026 ciliante
254 2983 322 3026 esse
334 2963 559 3046 compositum.
583 2963 680 3027 Anno
694 2960 882 3025 lllO'tertio
893 2957 980 3024 Non.
991 2961 1070 3044 Ἀρι.

106 3044 143 3109 in
166 3045 252 3110 bona
273 3042 438 3111 se'nectute
460 3047 541 3110 obiit
563 3050 595 3111 et
617 3045 816 3130 aBrunone,
833 3044 1072 3130 archiepiscopo

106 3129 305 3212 Treverensi,
326 3129 576 3194 familiarissimo
599 3151 669 3210 suo,
692 3131 727 3193 in
744 3133 906 3195 conventu
928 3130 1072 3214 sepultus

106 3218 165 3279 est.
187 3214 316 3298 Ingenii
337 3217 482 3279 ubertate
501 3235 575 3278 eum
595 3213 742 3278 floruisse
762 3219 794 3280 et
813 3216 916 3280 multa
931 3236 1004 3279 cunr
1023 3236 1073 3279 so·

108 3299 178 3364 luto
200 3302 271 3363 tum
293 3299 403 3364 vincto
426 3319 573 3364 sermone
595 3301 716 3384 scripta
732 3300 899 3384 reliquisse
920 3301 955 3364 in
970 3300 1072 3363 altero

105 3384 253 3468 catalogo
263 3383 396 3449 disertis
410 3385 517 3449 verbis
531 3386 688 3449 narratur.
722 3384 789 3448 Iam
809 3385 920 3468 igitur,
937 3404 1018 3467 quae
1034 3383 1072 3446 de

107 3468 1072 3552 eiusseriptiscommemorandavideantur,lioeatexponere.
