2324 3832
246 108 337 165 vl're
355 106 603 165 wammam
621 108 794 165 anbelos.
822 109 890 171 LIB.
902 110 949 168 111.
1045 115 1088 178 49

72 262 75 337 l
111 264 274 332 Subditua
294 267 345 330 ost
365 283 489 363 poenae
509 283 584 328 cum
605 265 676 328 tota
697 264 888 347 posteritate

72 358 74 411 i
112 350 221 427 Quam
236 364 338 434 grave
352 352 397 414 srt
410 347 534 425 vitium,
546 347 744 433 perpendite,
756 368 852 431 quarn
868 349 911 412 sit
925 349 1085 435 iniquum,

113 434 178 499 Pro
201 454 267 518 quo
288 434 336 498 sio
356 432 458 501 ficum
479 432 644 497 damnavit
664 432 786 496 amicus
808 432 957 498 amicum.

72 578 74 595 ,
113 518 163 585 Sit
185 519 275 583 aelus
296 517 386 582 Petri
407 516 531 600 cupidis
551 516 701 581 haudare
723 517 849 581 timori:

72 622 74 681 ι
115 602 274 669 Demadis
297 603 457 667 extinctae
478 601 642 686 reparavit
663 621 753 666 soma
774 600 943 686 Thabitae,

72 688 76 737 l
116 688 204 753 llnse
225 686 277 752 sui
298 687 389 752 verbi
411 686 474 751 duo
495 686 613 751 stravit
633 690 757 751 somata
778 686 884 767 morti,

72 772 74 779 '
117 771 262 837 Perculit
282 772 446 837 Ananiam
467 791 541 835 cum
563 775 785 854 compeccante
808 770 945 855 Saphira

79 856 310 942 *Exemplum
332 860 477 921 statuens
508 853 644 920 technas
665 856 774 921 vitetis
796 859 834 920 ut
855 876 975 921 omnes.

119 940 199 1007 Eleae
220 941 335 1027 nequit
356 904 543 1018 monachus,
568 941 618 1003 eui
642 938 730 1005 Petri
753 940 902 1024 displicet
923 946 1023 1006 ectus.

119 1024 180 1102 Qui
201 1047 236 1090 se
258 1025 391 1106 seducit,
415 1025 470 1110 qui
494 1024 618 1110 cogitat
638 1028 695 1090 aut
715 1025 762 1089 ita
783 1025 905 1109 garrit:

119 1110 205 1177 ‘Non
227 1114 309 1196 puto
331 1109 533 1194 sacrilegum,
556 1108 611 1192 qui
631 1131 798 1174 nummum
821 1110 961 1195 subripit
982 1120 1083 1178 unurh

121 1195 187 1263 aut
207 1197 318 1280 plures
340 1198 374 1260 et
393 1196 457 1276 tus,
480 1192 639 1277 candelas,
662 1198 712 1258 est
733 1195 848 1279 quibus
870 1217 962 1261 usus:

83 1278 245 1345 onitas
267 1278 373 1362 altari,
395 1278 470 1344 licet
491 1300 531 1343 ex
553 1277 615 1343 hoc
636 1279 842 1364 participari.³

122 1363 178 1430 Nil
198 1364 285 1449 sapit
305 1363 370 1445 hic,
393 1363 449 1447 qni
471 1363 517 1428 sic
539 1363 625 1447 sapit
646 1368 678 1428 ct
699 1363 886 1429 discrimina
907 1367 1020 1431 nescit.

123 1448 196 1515 Non
217 1450 337 1534 probat
350 1446 413 1513 hoo
427 1447 556 1530 Paulus,
578 1468 646 1513 non
661 1448 795 1514 Flaccus
815 1451 956 1514 carmine
971 1450 1085 1516 clarus.

122 1532 349 1600 hemnacum
371 1531 480 1598 Flacci
502 1532 607 1611 breve,
631 1534 686 1617 qui
708 1535 756 1597 sic
778 1533 908 1618 desipis,
930 1534 1021 1599 audi:

123 1617 182 1683 ‘Nu
202 1617 288 1682 nihil
309 1616 459 1682 admittes
480 1617 515 1681 in
538 1619 570 1681 te
592 1618 763 1682 formidine
785 1638 919 1701 poenae,

80 1717 111 1759 Μ
123 1701 171 1768 Sit
191 1724 265 1787 spes
286 1701 432 1785 fallendi,
454 1701 602 1767 miscebis
624 1722 715 1766 sacra
736 1701 891 1786 profanis.

120 1785 202 1853 Nam
225 1786 264 1852 de
286 1786 376 1851 milla
397 1785 491 1851 fabae
512 1785 654 1853 modium
678 1807 751 1851 curn
773 1786 913 1871 subripis
934 1809 1043 1868 unum,

122 1872 283 1937 Damnum
303 1875 363 1954 est,
385 1892 452 1936 non
474 1871 599 1935 facinus
622 1871 699 1936 mihi
723 1875 818 1956 pacto
842 1872 946 1938 lenius
969 1873 1056 1941 isto)

120 1955 190 2022 Hoc
211 1955 355 2038 macne,
377 1955 464 2039 time,
487 1960 685 2038 convertere,
708 1956 770 2038 fur,
793 1959 954 2042 resipisce.
1008 1967 1087 2024 faor

119 2040 195 2108 Non
217 2041 291 2126 lege
312 2040 352 2105 de
373 2060 464 2106 sacro
487 2060 624 2125 sacrum,
647 2063 715 2106 non
737 2046 806 2107 esto
829 2041 979 2122 Celaeno,

79 2141 110 2184 no
121 2125 199 2191 Non
220 2146 309 2211 rape,
330 2146 399 2191 non
420 2146 546 2190 sacrum
568 2125 607 2190 de
630 2146 733 2202 sacro,
755 2146 822 2190 non
846 2147 924 2209 cape
947 2147 1082 2207 sacrum,

119 2207 213 2286 Quod
232 2213 267 2276 te
287 2231 356 2276 non
377 2230 468 2274 sacro
490 2230 529 2275 cu
553 2210 583 2272 is
606 2210 767 2273 occultare
789 2208 913 2276 locello.

119 2293 174 2360 Nil
196 2294 329 2359 omnino
350 2294 440 2374 velis,
463 2231 551 2378 quod
571 2294 682 2358 obesse
704 2314 760 2360 reo
781 2292 843 2357 tibi
865 2292 977 2376 credis,

119 2377 175 2443 Nil
196 2379 326 2462 habeas,
348 2379 468 2463 cupias,
491 2378 555 2443 nisi
576 2378 661 2462 quod
683 2378 744 2444 tibi
765 2379 878 2479 regula
901 2379 1010 2444 donat.

122 2463 240 2529 Paulus
262 2465 297 2528 in
316 2463 411 2528 altari
432 2463 503 2528 vult
525 2465 685 2548 mysteriis
706 2465 817 2530 satiari

74 2563 109 2604 2¹5
122 2546 212 2613 clam
234 2547 319 2613 nihil
342 2547 472 2631 auferri,
495 2549 551 2611 sed
572 2550 744 2635 sacrilegos
765 2551 932 2630 removeri,

122 2633 168 2697 Ac
190 2631 229 2697 de
251 2632 414 2698 communi
435 2634 597 2698 concessis
618 2636 800 2733 sumptibus
821 2636 883 2698 uti.

122 2714 234 2781 Omnis
256 2716 431 2802 sacrilegus
452 2716 602 2783 Plutonis
623 2720 757 2783 victima
778 2720 882 2781 factus

121 2798 241 2866 Trusus
263 2802 298 2867 in
320 2800 486 2866 interitum
509 2803 595 2867 cadit
617 2803 651 2866 in
674 2801 817 2867 barathri
840 2800 1029 2865 cruciatum.

122 2883 190 2952 Hoc
213 2887 322 2966 vitate,
346 2886 409 2950 mei
431 2887 564 2970 domini,
586 2886 702 2951 iratres
723 2888 756 2949 et
776 2884 891 2947 amici!

189 3074 238 3125 188
255 3084 350 3192 (papae
364 3070 390 3124 G
407 3087 479 3139 pena
500 3070 525 3124 Τ
598 3078 646 3125 190
664 3067 829 3139 dampnavit
847 3066 906 3122 (ΞΤ
973 3073 1022 3122 192
1041 3085 1088 3122 ox-

121 3138 241 3193 abactam

123 3203 180 3259 (ΞΤ
236 3212 285 3260 195
301 3205 404 3273 tegnas
424 3205 482 3261 (ΞΤ
539 3211 587 3260 199
608 3205 674 3258 thus
698 3204 756 3259 (ΞΤ
808 3208 859 3259 ‘208
883 3202 1088 3271 Tetrastychon

123 3268 179 3327 (ΞΤ
234 3279 287 3328 204
332 3286 418 3328 aenae
441 3275 468 3330 (Ξ
523 3272 637 3329 enaeT
690 3276 741 3328 tob
757 3273 912 3342 prophanis
931 3269 990 3325 (ΞΤ
1038 3270 1088 3325 aot

122 3337 283 3411 Dampnum
336 3339 362 3392 Τ
425 3349 475 3397 209
516 3342 597 3396 aleno
618 3338 675 3394 (ΞΤ
733 3347 782 3395 211
800 3342 842 3410 te]
867 3341 903 3395 de
923 3338 981 3394 GT
1038 3342 1089 3392 214

121 3407 220 3462 saciari
239 3406 299 3462 (ΞΤ
358 3413 414 3466 215,
435 3416 485 3466 216
503 3426 543 3466 aa
559 3408 781 3479 transponendi?
837 3414 887 3464 218
904 3406 1012 3462 baratri
1031 3404 1091 3462 (ΞΤ

166 3499 285 3541 fusteia}
300 3498 348 3540 rita
365 3503 467 3553 wssnbr.
482 3513 551 3555 metr.
567 3511 605 3556 ed
618 3512 751 3566 Rosaberss.
927 3502 949 3552 Β*

380 3144 428 3192 194
439 3139 587 3207 Ananyam
607 3138 665 3192 (ΞΤ
697 3134 933 3204 comprecantel'
961 3132 1089 3204 Saphyra

1149 3468 1156 3547 l
