<?xml version="1.0" encoding="UTF-8"?>
<!DOCTYPE html PUBLIC "-//W3C//DTD XHTML 1.0 Transitional//EN"
    "http://www.w3.org/TR/xhtml1/DTD/xhtml1-transitional.dtd">
<html xmlns="http://www.w3.org/1999/xhtml" xml:lang="en" lang="en">
 <head>
  <title>
</title>
<meta http-equiv="Content-Type" content="text/html;charset=utf-8" />
  <meta name='ocr-system' content='tesseract 3.04.00' />
  <meta name='ocr-capabilities' content='ocr_page ocr_carea ocr_par ocr_line ocrx_word'/>
</head>
<body>
  <div class='ocr_page' id='page_1' title='image "./thiofridieptern00rossgoog_0048.png"; bbox 0 0 2324 3832; ppageno 0'>
   <div class='ocr_carea' id='block_1_1' title="bbox 217 152 1031 223">
    <p class='ocr_par' dir='ltr' id='par_1_1' title="bbox 217 108 1031 223">
     <span class='ocr_line' id='line_1_1' title="bbox 217 152 1031 223; baseline 0.001 -13"><span class='ocrx_word' id='word_1_1' title='bbox 217 154 304 210; x_wconf 82' lang='lat' dir='ltr'>VITA</span> <span class='ocrx_word' id='word_1_2' title='bbox 322 153 569 210; x_wconf 80' lang='lat' dir='ltr'><strong>WILLIBRORDI</strong></span> <span class='ocrx_word' id='word_1_3' title='bbox 586 152 758 210; x_wconf 73' lang='lat' dir='ltr'><strong>Marmor.</strong></span> <span class='ocrx_word' id='word_1_4' title='bbox 780 153 848 209; x_wconf 85' lang='lat' dir='ltr'>LIB.</span> <span class='ocrx_word' id='word_1_5' title='bbox 860 154 882 215; x_wconf 86' lang='lat' dir='ltr'><strong>I,</strong></span> <span class='ocrx_word' id='word_1_6' title='bbox 992 157 1031 223; x_wconf 77' lang='grc'><strong>17</strong></span> 
     </span>
    </p>
   </div>
   <div class='ocr_carea' id='block_1_2' title="bbox 10 306 1036 3273">
    <p class='ocr_par' dir='ltr' id='par_1_2' title="bbox 10 306 1036 3273">
     <span class='ocr_line' id='line_1_2' title="bbox 60 306 824 389; baseline -0.005 -13"><span class='ocrx_word' id='word_1_7' title='bbox 60 309 147 376; x_wconf 90' lang='lat' dir='ltr'><strong>Nam</strong></span> <span class='ocrx_word' id='word_1_8' title='bbox 169 308 202 373; x_wconf 83' lang='lat' dir='ltr'><strong>vi</strong></span> <span class='ocrx_word' id='word_1_9' title='bbox 224 314 358 374; x_wconf 91' lang='lat' dir='ltr'><strong>naturae</strong></span> <span class='ocrx_word' id='word_1_10' title='bbox 381 307 534 372; x_wconf 84' lang='lat' dir='ltr'><strong>densatur</strong></span> <span class='ocrx_word' id='word_1_11' title='bbox 554 306 601 371; x_wconf 92' lang='lat' dir='ltr'><strong>sic</strong></span> <span class='ocrx_word' id='word_1_12' title='bbox 623 306 703 370; x_wconf 89' lang='lat' dir='ltr'><strong>ebur</strong></span> <span class='ocrx_word' id='word_1_13' title='bbox 723 307 759 371; x_wconf 93' lang='lat' dir='ltr'><strong>in</strong></span> <span class='ocrx_word' id='word_1_14' title='bbox 780 323 824 389; x_wconf 80' lang='lat' dir='ltr'><strong>se,</strong></span> 
     </span>
     <span class='ocr_line' id='line_1_3' title="bbox 60 392 878 490; baseline -0.001 -31"><span class='ocrx_word' id='word_1_15' title='bbox 60 394 181 460; x_wconf 87' lang='lat' dir='ltr'><strong>Nullus</strong></span> <span class='ocrx_word' id='word_1_16' title='bbox 204 398 241 458; x_wconf 91' lang='lat' dir='ltr'><strong>ut</strong></span> <span class='ocrx_word' id='word_1_17' title='bbox 262 414 393 458; x_wconf 88' lang='lat' dir='ltr'><strong>evasum</strong></span> <span class='ocrx_word' id='word_1_18' title='bbox 414 392 500 457; x_wconf 86' lang='lat' dir='ltr'><strong>visus</strong></span> <span class='ocrx_word' id='word_1_19' title='bbox 522 394 672 490; x_wconf 89' lang='lat' dir='ltr'><strong>penetret</strong></span> <span class='ocrx_word' id='word_1_20' title='bbox 692 395 878 458; x_wconf 87' lang='lat' dir='ltr'><strong>tenuatum:</strong></span> 
     </span>
     <span class='ocr_line' id='line_1_4' title="bbox 10 477 979 575; baseline -0.002 -31"><span class='ocrx_word' id='word_1_21' title='bbox 10 478 162 550; x_wconf 71' lang='lat' dir='ltr'><strong>noNulla</strong></span> <span class='ocrx_word' id='word_1_22' title='bbox 184 478 275 563; x_wconf 89' lang='lat' dir='ltr'><strong>quies</strong></span> <span class='ocrx_word' id='word_1_23' title='bbox 298 477 415 575; x_wconf 79' lang='lat' dir='ltr'><strong>agitur,</strong></span> <span class='ocrx_word' id='word_1_24' title='bbox 438 478 591 561; x_wconf 81' lang='lat' dir='ltr'><strong>strepitus</strong></span> <span class='ocrx_word' id='word_1_25' title='bbox 613 497 677 561; x_wconf 93' lang='lat' dir='ltr'><strong>quo</strong></span> <span class='ocrx_word' id='word_1_26' title='bbox 699 480 810 541; x_wconf 84' lang='lat' dir='ltr'><strong>tantus</strong></span> <span class='ocrx_word' id='word_1_27' title='bbox 832 477 979 542; x_wconf 80' lang='lat' dir='ltr'><strong>babetur.</strong></span> 
     </span>
     <span class='ocr_line' id='line_1_5' title="bbox 62 561 817 642; baseline -0.004 -13"><span class='ocrx_word' id='word_1_28' title='bbox 62 561 99 630; x_wconf 88' lang='lat' dir='ltr'><strong>Si</strong></span> <span class='ocrx_word' id='word_1_29' title='bbox 121 584 198 629; x_wconf 85' lang='lat' dir='ltr'><strong>vero</strong></span> <span class='ocrx_word' id='word_1_30' title='bbox 222 562 351 627; x_wconf 80' lang='lat' dir='ltr'><strong>sceleris</strong></span> <span class='ocrx_word' id='word_1_31' title='bbox 372 583 440 626; x_wconf 92' lang='lat' dir='ltr'><strong>non</strong></span> <span class='ocrx_word' id='word_1_32' title='bbox 462 566 510 626; x_wconf 89' lang='lat' dir='ltr'><strong>est</strong></span> <span class='ocrx_word' id='word_1_33' title='bbox 531 561 653 626; x_wconf 87' lang='lat' dir='ltr'><strong>infecta</strong></span> <span class='ocrx_word' id='word_1_34' title='bbox 674 562 817 642; x_wconf 72' lang='lat' dir='ltr'><strong>uenenis,</strong></span> 
     </span>
     <span class='ocr_line' id='line_1_6' title="bbox 62 646 872 729; baseline -0.005 -14"><span class='ocrx_word' id='word_1_35' title='bbox 62 647 126 715; x_wconf 86' lang='lat' dir='ltr'><strong>Sed</strong></span> <span class='ocrx_word' id='word_1_36' title='bbox 149 651 239 713; x_wconf 89' lang='lat' dir='ltr'><strong>caret</strong></span> <span class='ocrx_word' id='word_1_37' title='bbox 259 647 419 712; x_wconf 76' lang='lat' dir='ltr'><strong>illecebris</strong></span> <span class='ocrx_word' id='word_1_38' title='bbox 440 646 641 711; x_wconf 78' lang='lat' dir='ltr'><strong>mordacibus</strong></span> <span class='ocrx_word' id='word_1_39' title='bbox 664 650 755 711; x_wconf 88' lang='lat' dir='ltr'><strong>eruta</strong></span> <span class='ocrx_word' id='word_1_40' title='bbox 776 646 872 729; x_wconf 89' lang='lat' dir='ltr'><strong>curis,</strong></span> 
     </span>
     <span class='ocr_line' id='line_1_7' title="bbox 62 731 862 816; baseline -0.001 -17"><span class='ocrx_word' id='word_1_41' title='bbox 62 733 107 799; x_wconf 90' lang='lat' dir='ltr'><strong>Vi</strong></span> <span class='ocrx_word' id='word_1_42' title='bbox 128 733 250 797; x_wconf 79' lang='lat' dir='ltr'><strong>fruitur</strong></span> <span class='ocrx_word' id='word_1_43' title='bbox 271 753 329 816; x_wconf 92' lang='lat' dir='ltr'><strong>pro</strong></span> <span class='ocrx_word' id='word_1_44' title='bbox 354 731 411 811; x_wconf 88' lang='lat' dir='ltr'><strong>ria,</strong></span> <span class='ocrx_word' id='word_1_45' title='bbox 433 731 598 816; x_wconf 79' lang='lat' dir='ltr'><strong>praesagit</strong></span> <span class='ocrx_word' id='word_1_46' title='bbox 618 732 722 796; x_wconf 84' lang='lat' dir='ltr'><strong>multa</strong></span> <span class='ocrx_word' id='word_1_47' title='bbox 743 731 862 811; x_wconf 87' lang='lat' dir='ltr'><strong>futura,</strong></span> 
     </span>
     <span class='ocr_line' id='line_1_8' title="bbox 63 816 888 896; baseline 0.004 -14"><span class='ocrx_word' id='word_1_48' title='bbox 63 818 114 882; x_wconf 87' lang='lat' dir='ltr'><strong>Ad</strong></span> <span class='ocrx_word' id='word_1_49' title='bbox 136 839 249 883; x_wconf 83' lang='lat' dir='ltr'><strong>verum</strong></span> <span class='ocrx_word' id='word_1_50' title='bbox 270 822 327 881; x_wconf 90' lang='lat' dir='ltr'><strong>ten</strong></span> <span class='ocrx_word' id='word_1_51' title='bbox 351 817 384 896; x_wconf 84' lang='lat' dir='ltr'><strong>&#39;t,</strong></span> <span class='ocrx_word' id='word_1_52' title='bbox 430 816 492 880; x_wconf 95' lang='lat' dir='ltr'><strong>uod</strong></span> <span class='ocrx_word' id='word_1_53' title='bbox 514 817 753 882; x_wconf 80' lang='lat' dir='ltr'><strong>subvolamina</strong></span> <span class='ocrx_word' id='word_1_54' title='bbox 776 819 888 886; x_wconf 87' lang='lat' dir='ltr'><strong>cernit.</strong></span> 
     </span>
     <span class='ocr_line' id='line_1_9' title="bbox 12 838 786 979; baseline -0.003 -11"><span class='ocrx_word' id='word_1_55' title='bbox 12 932 50 974; x_wconf 68' lang='lat' dir='ltr'><strong>na</strong></span> <span class='ocrx_word' id='word_1_56' title='bbox 62 902 181 968; x_wconf 79' lang='lat' dir='ltr'>Obstat</span> <span class='ocrx_word' id='word_1_57' title='bbox 202 901 350 966; x_wconf 82' lang='lat' dir='ltr'><strong>tendenti</strong></span> <span class='ocrx_word' id='word_1_58' title='bbox 371 838 474 967; x_wconf 78' lang='lat' dir='ltr'><strong>ndbes</strong></span> <span class='ocrx_word' id='word_1_59' title='bbox 495 901 641 979; x_wconf 90' lang='lat' dir='ltr'><strong>obducta,</strong></span> <span class='ocrx_word' id='word_1_60' title='bbox 664 901 786 967; x_wconf 86' lang='lat' dir='ltr'><strong>tuenti:</strong></span> 
     </span>
     <span class='ocr_line' id='line_1_10' title="bbox 62 985 757 1070; baseline 0 -18"><span class='ocrx_word' id='word_1_61' title='bbox 62 986 173 1052; x_wconf 86' lang='lat' dir='ltr'><strong>Nexus</strong></span> <span class='ocrx_word' id='word_1_62' title='bbox 196 991 331 1051; x_wconf 86' lang='lat' dir='ltr'><strong>naturae</strong></span> <span class='ocrx_word' id='word_1_63' title='bbox 354 985 535 1070; x_wconf 83' lang='lat' dir='ltr'><strong>caligantis,</strong></span> <span class='ocrx_word' id='word_1_64' title='bbox 556 987 757 1068; x_wconf 76' lang='lat' dir='ltr'><strong>tenebrosae,</strong></span> 
     </span>
     <span class='ocr_line' id='line_1_11' title="bbox 62 1070 798 1154; baseline 0 -18"><span class='ocrx_word' id='word_1_65' title='bbox 62 1071 218 1137; x_wconf 76' lang='lat' dir='ltr'><strong>Mortales</strong></span> <span class='ocrx_word' id='word_1_66' title='bbox 239 1071 372 1136; x_wconf 85' lang='lat' dir='ltr'><strong>hebetat</strong></span> <span class='ocrx_word' id='word_1_67' title='bbox 391 1071 489 1150; x_wconf 88' lang='lat' dir='ltr'><strong>visus,</strong></span> <span class='ocrx_word' id='word_1_68' title='bbox 512 1092 533 1134; x_wconf 83' lang='lat' dir='ltr'><strong>a</strong></span> <span class='ocrx_word' id='word_1_69' title='bbox 553 1071 624 1136; x_wconf 92' lang='lat' dir='ltr'><strong>luce</strong></span> <span class='ocrx_word' id='word_1_70' title='bbox 646 1070 798 1154; x_wconf 84' lang='lat' dir='ltr'><strong>retardat,</strong></span> 
     </span>
     <span class='ocr_line' id='line_1_12' title="bbox 62 1154 1007 1241; baseline -0.002 -19"><span class='ocrx_word' id='word_1_71' title='bbox 62 1159 110 1222; x_wconf 89' lang='lat' dir='ltr'><strong>Ac</strong></span> <span class='ocrx_word' id='word_1_72' title='bbox 133 1156 226 1241; x_wconf 93' lang='lat' dir='ltr'><strong>quasi</strong></span> <span class='ocrx_word' id='word_1_73' title='bbox 248 1177 304 1239; x_wconf 92' lang='lat' dir='ltr'><strong>per</strong></span> <span class='ocrx_word' id='word_1_74' title='bbox 326 1156 433 1221; x_wconf 88' lang='lat' dir='ltr'><strong>velum</strong></span> <span class='ocrx_word' id='word_1_75' title='bbox 455 1154 543 1220; x_wconf 84' lang='lat' dir='ltr'><strong>videt</strong></span> <span class='ocrx_word' id='word_1_76' title='bbox 564 1156 599 1220; x_wconf 92' lang='lat' dir='ltr'><strong>in</strong></span> <span class='ocrx_word' id='word_1_77' title='bbox 622 1156 743 1221; x_wconf 91' lang='lat' dir='ltr'><strong>somnis</strong></span> <span class='ocrx_word' id='word_1_78' title='bbox 766 1156 863 1221; x_wconf 91' lang='lat' dir='ltr'><strong>borno</strong></span> <span class='ocrx_word' id='word_1_79' title='bbox 885 1177 1007 1236; x_wconf 83' lang='lat' dir='ltr'><strong>verum,</strong></span> 
     </span>
     <span class='ocr_line' id='line_1_13' title="bbox 63 1240 937 1327; baseline -0.002 -21"><span class='ocrx_word' id='word_1_80' title='bbox 63 1242 189 1307; x_wconf 82' lang='lat' dir='ltr'><strong>Cornea</strong></span> <span class='ocrx_word' id='word_1_81' title='bbox 210 1245 304 1324; x_wconf 90' lang='lat' dir='ltr'><strong>porta</strong></span> <span class='ocrx_word' id='word_1_82' title='bbox 325 1242 425 1324; x_wconf 88' lang='lat' dir='ltr'><strong>patet,</strong></span> <span class='ocrx_word' id='word_1_83' title='bbox 448 1261 560 1305; x_wconf 84' lang='lat' dir='ltr'><strong>verum</strong></span> <span class='ocrx_word' id='word_1_84' title='bbox 581 1240 651 1306; x_wconf 91' lang='lat' dir='ltr'><strong>sine</strong></span> <span class='ocrx_word' id='word_1_85' title='bbox 672 1241 805 1327; x_wconf 83' lang='lat' dir='ltr'><strong>figmine</strong></span> <span class='ocrx_word' id='word_1_86' title='bbox 829 1242 937 1307; x_wconf 88' lang='lat' dir='ltr'><strong>claret.</strong></span> 
     </span>
     <span class='ocr_line' id='line_1_14' title="bbox 14 1324 934 1411; baseline 0 -19"><span class='ocrx_word' id='word_1_87' title='bbox 14 1355 51 1397; x_wconf 73' lang='lat' dir='ltr'><strong>ao</strong></span> <span class='ocrx_word' id='word_1_88' title='bbox 64 1325 187 1392; x_wconf 87' lang='lat' dir='ltr'><strong>Durior</strong></span> <span class='ocrx_word' id='word_1_89' title='bbox 210 1329 259 1389; x_wconf 91' lang='lat' dir='ltr'><strong>est</strong></span> <span class='ocrx_word' id='word_1_90' title='bbox 279 1324 391 1390; x_wconf 89' lang='lat' dir='ltr'><strong>oculus</strong></span> <span class='ocrx_word' id='word_1_91' title='bbox 413 1324 528 1409; x_wconf 88' lang='lat' dir='ltr'><strong>reliqui</strong></span> <span class='ocrx_word' id='word_1_92' title='bbox 550 1347 647 1410; x_wconf 90' lang='lat' dir='ltr'><strong>quam</strong></span> <span class='ocrx_word' id='word_1_93' title='bbox 669 1327 814 1411; x_wconf 90' lang='lat' dir='ltr'><strong>corporis</strong></span> <span class='ocrx_word' id='word_1_94' title='bbox 836 1331 934 1407; x_wconf 84' lang='lat' dir='ltr'><strong>artus,</strong></span> 
     </span>
     <span class='ocr_line' id='line_1_15' title="bbox 63 1409 998 1497; baseline -0.004 -20"><span class='ocrx_word' id='word_1_95' title='bbox 63 1410 212 1477; x_wconf 89' lang='lat' dir='ltr'><strong>Corneus</strong></span> <span class='ocrx_word' id='word_1_96' title='bbox 234 1409 309 1474; x_wconf 91' lang='lat' dir='ltr'><strong>huic</strong></span> <span class='ocrx_word' id='word_1_97' title='bbox 331 1409 419 1474; x_wconf 90' lang='lat' dir='ltr'><strong>color</strong></span> <span class='ocrx_word' id='word_1_98' title='bbox 441 1414 500 1493; x_wconf 85' lang='lat' dir='ltr'><strong>est,</strong></span> <span class='ocrx_word' id='word_1_99' title='bbox 523 1431 589 1474; x_wconf 95' lang='lat' dir='ltr'><strong>non</strong></span> <span class='ocrx_word' id='word_1_100' title='bbox 610 1411 700 1496; x_wconf 80' lang='lat' dir='ltr'><strong>alget</strong></span> <span class='ocrx_word' id='word_1_101' title='bbox 721 1412 852 1497; x_wconf 80' lang='lat' dir='ltr'><strong>frigoris</strong></span> <span class='ocrx_word' id='word_1_102' title='bbox 875 1433 998 1494; x_wconf 84' lang='lat' dir='ltr'><strong>expers.</strong></span> 
     </span>
     <span class='ocr_line' id='line_1_16' title="bbox 64 1494 963 1579; baseline 0.001 -18"><span class='ocrx_word' id='word_1_103' title='bbox 64 1494 126 1561; x_wconf 81' lang='lat' dir='ltr'><strong>Sed</strong></span> <span class='ocrx_word' id='word_1_104' title='bbox 149 1515 265 1578; x_wconf 89' lang='lat' dir='ltr'><strong>moror,</strong></span> <span class='ocrx_word' id='word_1_105' title='bbox 288 1494 418 1578; x_wconf 83' lang='lat' dir='ltr'><strong>excessi,</strong></span> <span class='ocrx_word' id='word_1_106' title='bbox 440 1494 567 1579; x_wconf 83' lang='lat' dir='ltr'><strong>regredi</strong></span> <span class='ocrx_word' id='word_1_107' title='bbox 589 1495 705 1579; x_wconf 87' lang='lat' dir='ltr'><strong>placet,</strong></span> <span class='ocrx_word' id='word_1_108' title='bbox 729 1498 814 1561; x_wconf 92' lang='lat' dir='ltr'><strong>unde</strong></span> <span class='ocrx_word' id='word_1_109' title='bbox 836 1497 963 1562; x_wconf 80' lang='lat' dir='ltr'><strong>recessi.</strong></span> 
     </span>
     <span class='ocr_line' id='line_1_17' title="bbox 64 1579 861 1664; baseline 0.003 -20"><span class='ocrx_word' id='word_1_110' title='bbox 64 1580 152 1644; x_wconf 90' lang='lat' dir='ltr'><strong>Luce</strong></span> <span class='ocrx_word' id='word_1_111' title='bbox 175 1579 260 1644; x_wconf 90' lang='lat' dir='ltr'><strong>diem</strong></span> <span class='ocrx_word' id='word_1_112' title='bbox 282 1582 431 1663; x_wconf 85' lang='lat' dir='ltr'><strong>quartum</strong></span> <span class='ocrx_word' id='word_1_113' title='bbox 454 1579 504 1645; x_wconf 91' lang='lat' dir='ltr'><strong>sol</strong></span> <span class='ocrx_word' id='word_1_114' title='bbox 526 1580 641 1645; x_wconf 86' lang='lat' dir='ltr'><strong>extulit</strong></span> <span class='ocrx_word' id='word_1_115' title='bbox 662 1581 861 1664; x_wconf 85' lang='lat' dir='ltr'><strong>irradiatum,</strong></span> 
     </span>
     <span class='ocr_line' id='line_1_18' title="bbox 65 1664 886 1749; baseline -0.002 -20"><span class='ocrx_word' id='word_1_116' title='bbox 65 1665 205 1749; x_wconf 88' lang='lat' dir='ltr'><strong>Alpibus</strong></span> <span class='ocrx_word' id='word_1_117' title='bbox 227 1664 364 1728; x_wconf 87' lang='lat' dir='ltr'><strong>emensis</strong></span> <span class='ocrx_word' id='word_1_118' title='bbox 386 1664 494 1749; x_wconf 83' lang='lat' dir='ltr'><strong>gelida</strong></span> <span class='ocrx_word' id='word_1_119' title='bbox 515 1665 601 1747; x_wconf 83' lang='lat' dir='ltr'><strong>nive,</strong></span> <span class='ocrx_word' id='word_1_120' title='bbox 625 1665 746 1749; x_wconf 85' lang='lat' dir='ltr'><strong>frigore</strong></span> <span class='ocrx_word' id='word_1_121' title='bbox 768 1665 886 1748; x_wconf 88' lang='lat' dir='ltr'><strong>pressis</strong></span> 
     </span>
     <span class='ocr_line' id='line_1_19' title="bbox 15 1747 976 1828; baseline -0.007 -9"><span class='ocrx_word' id='word_1_122' title='bbox 15 1777 52 1819; x_wconf 77' lang='lat' dir='ltr'><strong>rer</strong></span> <span class='ocrx_word' id='word_1_123' title='bbox 65 1748 258 1814; x_wconf 80' lang='lat' dir='ltr'><strong>Romuleam</strong></span> <span class='ocrx_word' id='word_1_124' title='bbox 281 1748 438 1813; x_wconf 86' lang='lat' dir='ltr'><strong>celebrem</strong></span> <span class='ocrx_word' id='word_1_125' title='bbox 464 1747 665 1828; x_wconf 88' lang='lat' dir='ltr'><strong>Wilbrordus</strong></span> <span class='ocrx_word' id='word_1_126' title='bbox 687 1749 777 1813; x_wconf 83' lang='lat' dir='ltr'><strong>venit</strong></span> <span class='ocrx_word' id='word_1_127' title='bbox 798 1750 833 1812; x_wconf 93' lang='lat' dir='ltr'><strong>in</strong></span> <span class='ocrx_word' id='word_1_128' title='bbox 855 1749 976 1814; x_wconf 89' lang='lat' dir='ltr'><strong>urbem.</strong></span> 
     </span>
     <span class='ocr_line' id='line_1_20' title="bbox 67 1833 892 1918; baseline 0 -21"><span class='ocrx_word' id='word_1_129' title='bbox 67 1833 189 1898; x_wconf 83' lang='lat' dir='ltr'><strong>Obvius</strong></span> <span class='ocrx_word' id='word_1_130' title='bbox 211 1833 270 1898; x_wconf 84' lang='lat' dir='ltr'><strong>ivit</strong></span> <span class='ocrx_word' id='word_1_131' title='bbox 290 1834 498 1918; x_wconf 86' lang='lat' dir='ltr'><strong>apostolicus,</strong></span> <span class='ocrx_word' id='word_1_132' title='bbox 520 1833 633 1898; x_wconf 88' lang='lat' dir='ltr'><strong>mundi</strong></span> <span class='ocrx_word' id='word_1_133' title='bbox 655 1834 751 1898; x_wconf 89' lang='lat' dir='ltr'><strong>decus</strong></span> <span class='ocrx_word' id='word_1_134' title='bbox 774 1837 807 1899; x_wconf 87' lang='lat' dir='ltr'><strong>et</strong></span> <span class='ocrx_word' id='word_1_135' title='bbox 828 1835 892 1918; x_wconf 86' lang='lat' dir='ltr'><strong>lux,</strong></span> 
     </span>
     <span class='ocr_line' id='line_1_21' title="bbox 68 1916 1036 2003; baseline 0 -19"><span class='ocrx_word' id='word_1_136' title='bbox 68 1916 191 1984; x_wconf 83' lang='lat' dir='ltr'><strong>Christi</strong></span> <span class='ocrx_word' id='word_1_137' title='bbox 212 1917 355 2003; x_wconf 83' lang='lat' dir='ltr'><strong>legatum</strong></span> <span class='ocrx_word' id='word_1_138' title='bbox 377 1919 424 1983; x_wconf 91' lang='lat' dir='ltr'><strong>sic</strong></span> <span class='ocrx_word' id='word_1_139' title='bbox 446 1919 587 2002; x_wconf 89' lang='lat' dir='ltr'><strong>suscepit</strong></span> <span class='ocrx_word' id='word_1_140' title='bbox 609 1919 701 2003; x_wconf 89' lang='lat' dir='ltr'><strong>quasi</strong></span> <span class='ocrx_word' id='word_1_141' title='bbox 724 1917 899 1997; x_wconf 79' lang='lat' dir='ltr'><strong>Christum,</strong></span> <span class='ocrx_word' id='word_1_142' title='bbox 958 1927 978 1982; x_wconf 86' lang='lat' dir='ltr'><strong>f.</strong></span> <span class='ocrx_word' id='word_1_143' title='bbox 990 1934 1036 1984; x_wconf 67' lang='lat' dir='ltr'><strong>eos</strong></span> 
     </span>
     <span class='ocr_line' id='line_1_22' title="bbox 68 2001 916 2089; baseline 0.001 -22"><span class='ocrx_word' id='word_1_144' title='bbox 68 2002 230 2086; x_wconf 88' lang='lat' dir='ltr'><strong>Amplexu</strong></span> <span class='ocrx_word' id='word_1_145' title='bbox 251 2001 344 2086; x_wconf 83' lang='lat' dir='ltr'><strong>fovit,</strong></span> <span class='ocrx_word' id='word_1_146' title='bbox 367 2004 444 2087; x_wconf 89' lang='lat' dir='ltr'><strong>quia</strong></span> <span class='ocrx_word' id='word_1_147' title='bbox 465 2003 598 2087; x_wconf 90' lang='lat' dir='ltr'><strong>plenum</strong></span> <span class='ocrx_word' id='word_1_148' title='bbox 619 2010 792 2089; x_wconf 86' lang='lat' dir='ltr'><strong>pneumate</strong></span> <span class='ocrx_word' id='word_1_149' title='bbox 815 2005 916 2083; x_wconf 87' lang='lat' dir='ltr'><strong>novit,</strong></span> 
     </span>
     <span class='ocr_line' id='line_1_23' title="bbox 68 2086 944 2174; baseline 0.002 -23"><span class='ocrx_word' id='word_1_150' title='bbox 68 2087 255 2170; x_wconf 88' lang='lat' dir='ltr'><strong>Pneumate,</strong></span> <span class='ocrx_word' id='word_1_151' title='bbox 278 2086 449 2172; x_wconf 89' lang='lat' dir='ltr'><strong>quadrifidi</strong></span> <span class='ocrx_word' id='word_1_152' title='bbox 471 2089 595 2174; x_wconf 83' lang='lat' dir='ltr'><strong>regitur</strong></span> <span class='ocrx_word' id='word_1_153' title='bbox 617 2111 681 2173; x_wconf 92' lang='lat' dir='ltr'><strong>quo</strong></span> <span class='ocrx_word' id='word_1_154' title='bbox 704 2089 794 2174; x_wconf 83' lang='lat' dir='ltr'><strong>regia</strong></span> <span class='ocrx_word' id='word_1_155' title='bbox 815 2088 944 2170; x_wconf 81' lang='lat' dir='ltr'><strong>mundi3</strong></span> 
     </span>
     <span class='ocr_line' id='line_1_24' title="bbox 19 2172 938 2257; baseline -0.001 -20"><span class='ocrx_word' id='word_1_156' title='bbox 19 2200 57 2239; x_wconf 79' lang='lat' dir='ltr'><strong>no</strong></span> <span class='ocrx_word' id='word_1_157' title='bbox 70 2172 185 2236; x_wconf 84' lang='lat' dir='ltr'><strong>Mania</strong></span> <span class='ocrx_word' id='word_1_158' title='bbox 208 2193 289 2256; x_wconf 90' lang='lat' dir='ltr'><strong>quae</strong></span> <span class='ocrx_word' id='word_1_159' title='bbox 310 2173 429 2256; x_wconf 87' lang='lat' dir='ltr'><strong>potuit,</strong></span> <span class='ocrx_word' id='word_1_160' title='bbox 452 2195 534 2257; x_wconf 89' lang='lat' dir='ltr'><strong>quae</strong></span> <span class='ocrx_word' id='word_1_161' title='bbox 557 2173 676 2256; x_wconf 88' lang='lat' dir='ltr'><strong>debuit,</strong></span> <span class='ocrx_word' id='word_1_162' title='bbox 699 2174 810 2238; x_wconf 88' lang='lat' dir='ltr'><strong>omnia</strong></span> <span class='ocrx_word' id='word_1_163' title='bbox 831 2173 938 2253; x_wconf 88' lang='lat' dir='ltr'><strong>solvit,</strong></span> 
     </span>
     <span class='ocr_line' id='line_1_25' title="bbox 69 2257 893 2340; baseline -0.002 -19"><span class='ocrx_word' id='word_1_164' title='bbox 69 2257 198 2321; x_wconf 85' lang='lat' dir='ltr'><strong>Accivit</strong></span> <span class='ocrx_word' id='word_1_165' title='bbox 220 2277 346 2321; x_wconf 87' lang='lat' dir='ltr'><strong>sacrum</strong></span> <span class='ocrx_word' id='word_1_166' title='bbox 369 2257 499 2340; x_wconf 89' lang='lat' dir='ltr'><strong>clerum,</strong></span> <span class='ocrx_word' id='word_1_167' title='bbox 524 2279 597 2322; x_wconf 92' lang='lat' dir='ltr'><strong>cum</strong></span> <span class='ocrx_word' id='word_1_168' title='bbox 619 2258 713 2340; x_wconf 91' lang='lat' dir='ltr'><strong>plebe</strong></span> <span class='ocrx_word' id='word_1_169' title='bbox 735 2260 893 2336; x_wconf 89' lang='lat' dir='ltr'><strong>senatum,</strong></span> 
     </span>
     <span class='ocr_line' id='line_1_26' title="bbox 70 2341 878 2425; baseline 0 -21"><span class='ocrx_word' id='word_1_170' title='bbox 70 2341 232 2406; x_wconf 84' lang='lat' dir='ltr'><strong>Processit</strong></span> <span class='ocrx_word' id='word_1_171' title='bbox 253 2363 284 2404; x_wconf 89' lang='lat' dir='ltr'><strong>m</strong></span> <span class='ocrx_word' id='word_1_172' title='bbox 329 2363 372 2406; x_wconf 89' lang='lat' dir='ltr'><strong>na</strong></span> <span class='ocrx_word' id='word_1_173' title='bbox 395 2343 548 2407; x_wconf 84' lang='lat' dir='ltr'><strong>comitum</strong></span> <span class='ocrx_word' id='word_1_174' title='bbox 571 2343 714 2425; x_wconf 88' lang='lat' dir='ltr'><strong>stipante</strong></span> <span class='ocrx_word' id='word_1_175' title='bbox 737 2344 878 2422; x_wconf 85' lang='lat' dir='ltr'><strong>caterva,</strong></span> 
     </span>
     <span class='ocr_line' id='line_1_27' title="bbox 70 2424 914 2510; baseline 0.001 -21"><span class='ocrx_word' id='word_1_176' title='bbox 70 2425 230 2510; x_wconf 88' lang='lat' dir='ltr'><strong>Principis</strong></span> <span class='ocrx_word' id='word_1_177' title='bbox 253 2425 404 2491; x_wconf 90' lang='lat' dir='ltr'><strong>eccesiae</strong></span> <span class='ocrx_word' id='word_1_178' title='bbox 427 2426 516 2491; x_wconf 89' lang='lat' dir='ltr'><strong>Petri</strong></span> <span class='ocrx_word' id='word_1_179' title='bbox 538 2425 725 2492; x_wconf 89' lang='lat' dir='ltr'><strong>conscendit</strong></span> <span class='ocrx_word' id='word_1_180' title='bbox 746 2427 781 2490; x_wconf 92' lang='lat' dir='ltr'><strong>in</strong></span> <span class='ocrx_word' id='word_1_181' title='bbox 804 2424 914 2491; x_wconf 90' lang='lat' dir='ltr'><strong>aedem</strong></span> 
     </span>
     <span class='ocr_line' id='line_1_28' title="bbox 72 2509 748 2595; baseline 0.004 -21"><span class='ocrx_word' id='word_1_182' title='bbox 72 2509 283 2595; x_wconf 68' lang='lat' dir='ltr'><strong>dilectumque</strong></span> <span class='ocrx_word' id='word_1_183' title='bbox 306 2510 358 2575; x_wconf 90' lang='lat' dir='ltr'><strong>dei</strong></span> <span class='ocrx_word' id='word_1_184' title='bbox 380 2512 492 2576; x_wconf 86' lang='lat' dir='ltr'><strong>dextra</strong></span> <span class='ocrx_word' id='word_1_185' title='bbox 513 2512 604 2576; x_wconf 86' lang='lat' dir='ltr'><strong>duxit</strong></span> <span class='ocrx_word' id='word_1_186' title='bbox 625 2511 748 2578; x_wconf 88' lang='lat' dir='ltr'><strong>sociali.</strong></span> 
     </span>
     <span class='ocr_line' id='line_1_29' title="bbox 20 2594 736 2680; baseline 0.007 -23"><span class='ocrx_word' id='word_1_187' title='bbox 20 2618 59 2658; x_wconf 77' lang='lat' dir='ltr'><strong>ne</strong></span> <span class='ocrx_word' id='word_1_188' title='bbox 73 2594 185 2660; x_wconf 89' lang='lat' dir='ltr'><strong>Induit</strong></span> <span class='ocrx_word' id='word_1_189' title='bbox 207 2594 331 2659; x_wconf 87' lang='lat' dir='ltr'><strong>octonis</strong></span> <span class='ocrx_word' id='word_1_190' title='bbox 353 2596 553 2661; x_wconf 89' lang='lat' dir='ltr'><strong>vestimentis</strong></span> <span class='ocrx_word' id='word_1_191' title='bbox 574 2598 736 2680; x_wconf 89' lang='lat' dir='ltr'><strong>pretiosis,</strong></span> 
     </span>
     <span class='ocr_line' id='line_1_30' title="bbox 70 2679 876 2764; baseline 0.004 -20"><span class='ocrx_word' id='word_1_192' title='bbox 70 2679 109 2744; x_wconf 93' lang='lat' dir='ltr'><strong>ln</strong></span> <span class='ocrx_word' id='word_1_193' title='bbox 131 2679 215 2744; x_wconf 86' lang='lat' dir='ltr'><strong>festo</strong></span> <span class='ocrx_word' id='word_1_194' title='bbox 237 2679 354 2745; x_wconf 88' lang='lat' dir='ltr'><strong>celebri</strong></span> <span class='ocrx_word' id='word_1_195' title='bbox 377 2680 493 2764; x_wconf 88' lang='lat' dir='ltr'><strong>quibus</strong></span> <span class='ocrx_word' id='word_1_196' title='bbox 515 2685 565 2747; x_wconf 87' lang='lat' dir='ltr'><strong>est</strong></span> <span class='ocrx_word' id='word_1_197' title='bbox 587 2682 702 2747; x_wconf 85' lang='lat' dir='ltr'><strong>solitus</strong></span> <span class='ocrx_word' id='word_1_198' title='bbox 725 2682 876 2761; x_wconf 89' lang='lat' dir='ltr'><strong>redimiri,</strong></span> 
     </span>
     <span class='ocr_line' id='line_1_31' title="bbox 71 2764 767 2848; baseline 0.003 -19"><span class='ocrx_word' id='word_1_199' title='bbox 71 2764 197 2830; x_wconf 88' lang='lat' dir='ltr'><strong>Ornatu</strong></span> <span class='ocrx_word' id='word_1_200' title='bbox 218 2764 328 2848; x_wconf 86' lang='lat' dir='ltr'><strong>typico</strong></span> <span class='ocrx_word' id='word_1_201' title='bbox 350 2766 441 2831; x_wconf 88' lang='lat' dir='ltr'><strong>tenui</strong></span> <span class='ocrx_word' id='word_1_202' title='bbox 463 2767 644 2832; x_wconf 90' lang='lat' dir='ltr'><strong>subtemine</strong></span> <span class='ocrx_word' id='word_1_203' title='bbox 666 2768 767 2844; x_wconf 85' lang='lat' dir='ltr'><strong>texto,</strong></span> 
     </span>
     <span class='ocr_line' id='line_1_32' title="bbox 70 2848 945 2936; baseline 0 -22"><span class='ocrx_word' id='word_1_204' title='bbox 70 2848 131 2914; x_wconf 82' lang='lat' dir='ltr'><strong>Est</strong></span> <span class='ocrx_word' id='word_1_205' title='bbox 155 2848 211 2913; x_wconf 90' lang='lat' dir='ltr'><strong>ubi</strong></span> <span class='ocrx_word' id='word_1_206' title='bbox 234 2853 402 2915; x_wconf 85' lang='lat' dir='ltr'><strong>contextus</strong></span> <span class='ocrx_word' id='word_1_207' title='bbox 424 2873 493 2916; x_wconf 89' lang='lat' dir='ltr'><strong>mos</strong></span> <span class='ocrx_word' id='word_1_208' title='bbox 516 2851 680 2936; x_wconf 90' lang='lat' dir='ltr'><strong>praesulis,</strong></span> <span class='ocrx_word' id='word_1_209' title='bbox 704 2851 799 2932; x_wconf 87' lang='lat' dir='ltr'><strong>actio,</strong></span> <span class='ocrx_word' id='word_1_210' title='bbox 824 2871 945 2929; x_wconf 81' lang='lat' dir='ltr'><strong>senene,</strong></span> 
     </span>
     <span class='ocr_line' id='line_1_33' title="bbox 72 2932 947 3019; baseline 0.001 -22"><span class='ocrx_word' id='word_1_211' title='bbox 72 2932 156 2998; x_wconf 84' lang='lat' dir='ltr'><strong>Sunt</strong></span> <span class='ocrx_word' id='word_1_212' title='bbox 178 2934 347 3018; x_wconf 88' lang='lat' dir='ltr'><strong>elementa,</strong></span> <span class='ocrx_word' id='word_1_213' title='bbox 370 2935 474 3019; x_wconf 87' lang='lat' dir='ltr'><strong>polus,</strong></span> <span class='ocrx_word' id='word_1_214' title='bbox 498 2937 557 3016; x_wconf 88' lang='lat' dir='ltr'><strong>sol,</strong></span> <span class='ocrx_word' id='word_1_215' title='bbox 581 2935 703 3002; x_wconf 87' lang='lat' dir='ltr'><strong>zodiaci</strong></span> <span class='ocrx_word' id='word_1_216' title='bbox 725 2935 788 3018; x_wconf 84' lang='lat' dir='ltr'><strong>via,</strong></span> <span class='ocrx_word' id='word_1_217' title='bbox 811 2939 947 3018; x_wconf 88' lang='lat' dir='ltr'><strong>tempus,</strong></span> 
     </span>
     <span class='ocr_line' id='line_1_34' title="bbox 19 3016 855 3105; baseline 0.005 -26"><span class='ocrx_word' id='word_1_218' title='bbox 19 3038 60 3078; x_wconf 73' lang='lat' dir='ltr'><strong>eso</strong></span> <span class='ocrx_word' id='word_1_219' title='bbox 73 3016 124 3083; x_wconf 92' lang='lat' dir='ltr'><strong>Ne</strong></span> <span class='ocrx_word' id='word_1_220' title='bbox 146 3018 219 3101; x_wconf 87' lang='lat' dir='ltr'><strong>sibi,</strong></span> <span class='ocrx_word' id='word_1_221' title='bbox 244 3018 299 3084; x_wconf 86' lang='lat' dir='ltr'><strong>sed</strong></span> <span class='ocrx_word' id='word_1_222' title='bbox 320 3020 381 3084; x_wconf 90' lang='lat' dir='ltr'><strong>toti</strong></span> <span class='ocrx_word' id='word_1_223' title='bbox 403 3023 550 3105; x_wconf 81' lang='lat' dir='ltr'><strong>genitum</strong></span> <span class='ocrx_word' id='word_1_224' title='bbox 573 3043 606 3087; x_wconf 89' lang='lat' dir='ltr'><strong>se</strong></span> <span class='ocrx_word' id='word_1_225' title='bbox 630 3020 751 3104; x_wconf 84' lang='lat' dir='ltr'><strong>cogitet</strong></span> <span class='ocrx_word' id='word_1_226' title='bbox 773 3020 855 3102; x_wconf 90' lang='lat' dir='ltr'><strong>orbi,</strong></span> 
     </span>
     <span class='ocr_line' id='line_1_35' title="bbox 73 3101 958 3190; baseline 0.002 -23"><span class='ocrx_word' id='word_1_227' title='bbox 73 3101 201 3168; x_wconf 83' lang='lat' dir='ltr'><strong>Damna</strong></span> <span class='ocrx_word' id='word_1_228' title='bbox 224 3106 388 3168; x_wconf 85' lang='lat' dir='ltr'><strong>creaturae</strong></span> <span class='ocrx_word' id='word_1_229' title='bbox 410 3125 469 3169; x_wconf 85' lang='lat' dir='ltr'><strong>sue</strong></span> <span class='ocrx_word' id='word_1_230' title='bbox 491 3105 634 3190; x_wconf 90' lang='lat' dir='ltr'><strong>deputet,</strong></span> <span class='ocrx_word' id='word_1_231' title='bbox 656 3104 811 3189; x_wconf 90' lang='lat' dir='ltr'><strong>immolet,</strong></span> <span class='ocrx_word' id='word_1_232' title='bbox 834 3108 904 3171; x_wconf 92' lang='lat' dir='ltr'><strong>oret</strong></span> <span class='ocrx_word' id='word_1_233' title='bbox 952 3102 958 3112; x_wconf 84' lang='lat'>&#39;</span> 
     </span>
     <span class='ocr_line' id='line_1_36' title="bbox 73 3186 890 3273; baseline 0.002 -21"><span class='ocrx_word' id='word_1_234' title='bbox 73 3186 150 3252; x_wconf 92' lang='lat' dir='ltr'><strong>Non</strong></span> <span class='ocrx_word' id='word_1_235' title='bbox 172 3188 277 3253; x_wconf 87' lang='lat' dir='ltr'><strong>solum</strong></span> <span class='ocrx_word' id='word_1_236' title='bbox 299 3210 358 3273; x_wconf 92' lang='lat' dir='ltr'><strong>pro</strong></span> <span class='ocrx_word' id='word_1_237' title='bbox 380 3210 425 3271; x_wconf 92' lang='lat' dir='ltr'><strong>se,</strong></span> <span class='ocrx_word' id='word_1_238' title='bbox 448 3189 504 3254; x_wconf 92' lang='lat' dir='ltr'><strong>sed</strong></span> <span class='ocrx_word' id='word_1_239' title='bbox 527 3194 559 3254; x_wconf 89' lang='lat' dir='ltr'><strong>et</strong></span> <span class='ocrx_word' id='word_1_240' title='bbox 581 3190 669 3254; x_wconf 91' lang='lat' dir='ltr'><strong>omni</strong></span> <span class='ocrx_word' id='word_1_241' title='bbox 692 3190 890 3255; x_wconf 88' lang='lat' dir='ltr'><strong>condicione.</strong></span> 
     </span>
    </p>
   </div>
   <div class='ocr_carea' id='block_1_3' title="bbox 72 3322 1044 3514">
    <p class='ocr_par' dir='ltr' id='par_1_3' title="bbox 72 3322 1044 3514">
     <span class='ocr_line' id='line_1_37' title="bbox 139 3322 1044 3379; baseline 0 -3"><span class='ocrx_word' id='word_1_242' title='bbox 139 3327 191 3377; x_wconf 83' lang='grc'><strong>449</strong></span> <span class='ocrx_word' id='word_1_243' title='bbox 218 3338 328 3378; x_wconf 87' lang='lat' dir='ltr'><strong>erasum</strong></span> <span class='ocrx_word' id='word_1_244' title='bbox 357 3323 415 3378; x_wconf 74' lang='lat' dir='ltr'><strong>GT</strong></span> <span class='ocrx_word' id='word_1_245' title='bbox 486 3328 536 3378; x_wconf 79' lang='grc'><strong>457</strong></span> <span class='ocrx_word' id='word_1_246' title='bbox 563 3323 681 3377; x_wconf 85' lang='lat' dir='ltr'><strong>habetat</strong></span> <span class='ocrx_word' id='word_1_247' title='bbox 707 3325 733 3379; x_wconf 83' lang='grc' dir='ltr'><strong><em>Τ</em></strong></span> <span class='ocrx_word' id='word_1_248' title='bbox 803 3329 854 3377; x_wconf 84' lang='grc'><strong>464</strong></span> <span class='ocrx_word' id='word_1_249' title='bbox 900 3341 991 3379; x_wconf 76' lang='lat' dir='ltr'><strong>nessus</strong></span> <span class='ocrx_word' id='word_1_250' title='bbox 1018 3322 1044 3376; x_wconf 83' lang='grc' dir='ltr'><strong><em>Τ</em></strong></span> 
     </span>
     <span class='ocr_line' id='line_1_38' title="bbox 72 3389 1043 3514; baseline -0.002 -70"><span class='ocrx_word' id='word_1_251' title='bbox 72 3389 342 3514; x_wconf 32' lang='lat' dir='ltr'><strong>&amp;esseae-lteris&amp;</strong></span> <span class='ocrx_word' id='word_1_252' title='bbox 410 3397 461 3447; x_wconf 82' lang='grc'><strong>478</strong></span> <span class='ocrx_word' id='word_1_253' title='bbox 479 3390 599 3461; x_wconf 86' lang='lat' dir='ltr'><strong>presulis</strong></span> <span class='ocrx_word' id='word_1_254' title='bbox 622 3389 691 3502; x_wconf 37' lang='lat' dir='ltr'><strong>GT·</strong></span> <span class='ocrx_word' id='word_1_255' title='bbox 750 3396 800 3444; x_wconf 78' lang='lat'><strong>482</strong></span> <span class='ocrx_word' id='word_1_256' title='bbox 821 3390 864 3445; x_wconf 88' lang='lat' dir='ltr'><strong>Ne</strong></span> <span class='ocrx_word' id='word_1_257' title='bbox 948 3389 1043 3445; x_wconf 89' lang='lat' dir='ltr'><strong>condi·</strong></span> 
     </span>
    </p>
   </div>
   <div class='ocr_carea' id='block_1_4' title="bbox 128 3546 917 3613">
    <p class='ocr_par' dir='ltr' id='par_1_4' title="bbox 128 3546 917 3613">
     <span class='ocr_line' id='line_1_39' title="bbox 128 3546 917 3613; baseline 0.014 -18"><span class='ocrx_word' id='word_1_258' title='bbox 128 3555 242 3596; x_wconf 66' lang='lat' dir='ltr'><strong>rnorem</strong></span> <span class='ocrx_word' id='word_1_259' title='bbox 257 3556 305 3596; x_wconf 70' lang='lat' dir='ltr'><strong>vna</strong></span> <span class='ocrx_word' id='word_1_260' title='bbox 321 3558 422 3603; x_wconf 74' lang='lat' dir='ltr'><strong>wnrsr.</strong></span> <span class='ocrx_word' id='word_1_261' title='bbox 437 3560 708 3613; x_wconf 64' lang='lat' dir='ltr'><strong>moissacensem.</strong></span> <span class='ocrx_word' id='word_1_262' title='bbox 891 3546 917 3592; x_wconf 44' lang='grc' dir='ltr'><strong>(ἱ</strong></span> 
     </span>
    </p>
   </div>
   <div class='ocr_carea' id='block_1_5' title="bbox 1135 3512 1146 3635">
    <p class='ocr_par' dir='ltr' id='par_1_5' title="bbox 1135 3512 1146 3635">
     <span class='ocr_line' id='line_1_40' title="bbox 1135 3512 1146 3635; baseline 0 -28"><span class='ocrx_word' id='word_1_263' title='bbox 1135 3512 1146 3635; x_wconf 78' lang='lat'><strong>¹.</strong></span> 
     </span>
    </p>
   </div>
   <div class='ocr_carea' id='block_1_6' title="bbox 0 0 1180 3832">
    <p class='ocr_par' dir='ltr' id='par_1_6' title="bbox 0 0 1180 3832">
     <span class='ocr_line' id='line_1_41' title="bbox 0 0 1180 3832; baseline 0 0"><span class='ocrx_word' id='word_1_264' title='bbox 0 0 1180 3832; x_wconf 95' lang='lat' dir='ltr'><strong> </strong></span> 
     </span>
    </p>
   </div>
  </div>
 </body>
</html>
