2370 3810
471 74 771 181 comunimus.
881 143 884 149 ·
1059 127 1097 191 ‘tt

100 284 392 347 consummatione.
418 314 455 324 -
479 279 650 343 CtAlouin
672 281 728 341 vit.
751 281 834 340 Will.
856 282 917 342 11.
940 281 1037 343 1134.
1061 314 1096 325 ·-

104 367 311 430 Theoderic.
335 367 443 427 chron.
466 365 590 441 Eptern.
614 365 692 425 133
715 366 828 426 Pater
848 385 914 427 oero
936 372 999 428 elios
1021 370 1101 431 bea·

104 461 193 516 tus
223 452 421 530 Wilpislus
448 452 493 511 ool
524 449 702 511 Sanctum
728 450 915 511 Andrean
943 455 984 513 iu
1010 471 1100 528 pro-

106 539 352 600 munctoriis
365 538 516 597 occeani
530 540 561 595 et
577 533 704 595 Umbri
717 535 892 608 fluminis
902 539 1101 600 monachicam

109 624 265 698 arripnit
291 623 536 684 conversationem
562 625 602 698 et,
636 623 800 695 acceptis
826 639 848 681 a
870 623 1101 696 primatibus

102 708 297 784 ,provintiae
326 707 498 767 donariis
530 710 561 766 el
588 705 772 780 praeliis,
804 708 838 765 in
863 708 970 768 tunore
990 724 1102 781 semper

115 793 297 869 cirpinis
325 791 509 851 theotocos
541 789 688 850 Martae
719 791 847 850 instituit
878 794 1047 853 aecclesiam
1075 797 1100 853 et

120 877 397 954 macunen,
425 869 478 934 uli
499 879 567 949 post
586 875 732 948 pulum
758 875 869 935 litores
896 877 1100 951 triunphalern

122 962 199 1023 Deo
220 962 370 1033 amman,
392 964 487 1019 terroe
508 961 607 1019 cornis
627 959 752 1018 ructat
772 962 937 1020 noterium.

219 1064 250 1105 v.
275 1046 315 1104 88
336 1061 392 1103 nec
406 1042 540 1120 Wilgisli
561 1043 656 1118 patris
672 1061 755 1102 mens
770 1044 886 1118 torpuit
900 1045 985 1104 tants
999 1044 1099 1104 indole

129 1131 249 1192 oblato.
279 1161 317 1171 -
351 1148 382 1189 v.
406 1129 454 1190 90.
477 1130 516 1186 91
539 1128 593 1186 lib.
615 1127 630 1185 Ι
652 1121 726 1204 (ΙΙΙ)
748 1127 822 1204 Reg.
848 1131 897 1203 19,
921 1130 1035 1189 9-12.
1063 1160 1096 1173 -

112 1216 162 1279 'v.
194 1215 235 1275 94
264 1231 307 1289 sq.
341 1212 428 1288 epist.
457 1212 494 1269 ed
516 1211 626 1288 Ephes.
660 1213 689 1284 4,
714 1213 840 1271 29-24
871 1214 1098 1288 Deponilc....

131 1304 286 1361 ueterem
299 1298 493 1357 hominen.
508 1340 536 1354 ..
561 1297 749 1357 etiuoluitc
765 1315 894 1359 uocum
908 1300 1096 1359 lomiucru.

130 1385 220 1462 epist.
243 1383 283 1442 sd
305 1380 418 1451 Qoloss.
441 1382 470 1458 3,
494 1383 525 1441 9.
549 1376 590 1441 10
622 1383 855 1456 eupoliantes
876 1402 926 1444 uos
947 1388 1099 1444 ueterem

131 1470 329 1530 nominem.
341 1510 350 1526 .
362 1509 390 1524 ..
412 1467 651 1527 etineluentes
665 1485 800 1527 nouum.
819 1501 856 1511 -
874 1489 903 1529 v.
922 1471 961 1528 96
977 1469 1097 1528 Alcuin.

132 1573 162 1614 v.
178 1552 229 1612 W.
252 1551 268 1610 1
290 1555 306 1610 1
329 1553 365 1610 iu
386 1552 511 1624 ouodonr
528 1568 622 1625 paruo
644 1554 770 1612 notorio
791 1551 1100 1613 sauctiAuolreae

132 1633 458 1713 apostoli'Oltristi
489 1637 607 1696 nomine
633 1638 727 1695 dicato
748 1636 786 1695 cf.
813 1655 903 1711 supra
925 1635 1100 1696 Theoderici

133 1723 197 1782 lel.
223 1752 261 1765 -
283 1740 313 1780 v.
336 1721 387 1780 98.
417 1721 467 1779 99.
490 1721 557 1795 quis
579 1719 671 1779 fuerit
690 1719 779 1779 Iacob
801 1720 867 1791 illc,
891 1721 942 1795 qui
965 1739 1040 1796 opus
1063 1721 1099 1779 de

132 1808 304 1867 sannorum
336 1804 486 1880 dogmatis
520 1806 550 1863 et
582 1804 652 1864 vitis
680 1804 922 1877 concinnaverit,
956 1805 1099 1882 indagare

132 1909 193 1952 non
214 1889 353 1967 contigit.
376 1921 418 1932 -·-
440 1908 468 1958 r.
495 1890 554 1949 107
577 1891 674 1948 aerios
693 1889 861 1964 plalanpas
888 1889 924 1951 cf.
947 1890 1036 1966 epist.
1059 1891 1097 1948 cd

131 1975 242 2050 Epiros.
268 1975 339 2048 2,2
368 1974 528 2033 suundeorn
550 1975 762 2048 principem
777 1977 978 2048 potestatis
999 1977 1099 2036 aeris

131 2061 243 2120 liuius
269 2058 342 2117 ibid.
367 2060 395 2130 6,
421 2059 587 2118 licentra
614 2061 813 2133 spiritalia
840 2063 1032 2133 aequitiae
1059 2063 1099 2120 in

130 2143 367 2206 coelestibus.
391 2141 596 2219 significantur
616 2145 738 2220 agmina
750 2145 927 2220 angelorum
941 2146 1098 2205 malorum.

87 2220 96 2235 ⁸
131 2260 176 2272 -
207 2248 237 2288 v.
267 2228 329 2287 110
356 2244 461 2303 evang.
493 2227 600 2287 Motth.
630 2229 661 2304 5,
690 2227 730 2285 14
762 2246 824 2287 non
845 2233 939 2302 potest
965 2232 1100 2289 ciuitas

129 2312 312 2374 abscondi
340 2329 457 2385 supra
489 2315 646 2371 nantem
673 2313 806 2384 posita.
839 2343 882 2352 —
914 2331 941 2374 v.
970 2314 1029 2371 111
1054 2330 1097 2387 sq.

131 2397 254 2457 Alcuin.
276 2415 305 2456 v.
323 2395 371 2454 W.
394 2396 443 2454 Il
466 2397 509 2456 ita
530 2399 564 2455 ut
584 2397 672 2456 etiam
693 2396 956 2456 miraculorum
978 2399 1099 2473 sipuis

129 2483 286 2557 olaruuet
307 2498 436 2541 nomeu
457 2483 520 2541 eius
540 2482 680 2541 celebre
700 2479 841 2553 factum
862 2486 920 2541 est.
936 2514 978 2525 -
993 2503 1021 2542 v.
1037 2481 1098 2540 114

131 2585 201 2642 sqq.
230 2566 350 2625 Alcuin.
383 2585 410 2628 v.
432 2566 482 2627 W.
504 2565 559 2623 Il
594 2568 644 2627 secl
675 2570 701 2626 et
727 2567 807 2626 ilius
831 2569 927 2644 peritis
957 2570 1036 2643 repi
1067 2571 1099 2627 et

128 2650 376 2725 optimatibus
405 2652 638 2712 honorabilis
664 2650 821 2724 effectus
847 2657 887 2711 cst
913 2655 949 2712 in
969 2658 1097 2727 tautum,

130 2740 165 2796 nt
203 2737 231 2796 ei
269 2736 420 2809 aliquos
450 2741 639 2797 terrarum
664 2738 992 2810 possessiunculas
1022 2739 1099 2796 illis

125 2815 429 2900 promontoriis*)
459 2823 623 2882 aliauutes
648 2822 689 2880 ael
709 2821 923 2892 aedificandam
943 2821 995 2880 eleo
1016 2822 1098 2880 eecle-

128 2907 293 2969 siam....
316 2906 504 2974 contulerint,
525 2905 1097 2979 iuquapiuspoterrnocliearnpuieleru

128 2991 182 3049 sed
208 2990 359 3050 lonutoru
386 2991 437 3049 eleo
466 2992 654 3050 seruientium
675 2989 819 3049 annectit
839 2993 1097 3064 conprepatioueon

130 3076 167 3134 in
188 3092 286 3148 pua..
301 3117 328 3136 ..
347 3076 508 3148 requiescit.
533 3105 573 3116 -
596 3094 625 3135 v.
644 3076 703 3133 117
725 3075 933 3147 sunrupencs
947 3075 1097 3148 opilionis:

130 3157 163 3218 S.
186 3158 355 3235 Wilgislus.
380 3190 418 3200 -
441 3178 471 3218 v.
489 3159 549 3218 118
570 3160 605 3218 iu
626 3161 697 3236 aput
718 3160 863 3233 scnpuiue
884 3159 975 3219 lotas:
997 3161 1094 3236 Apoe.

131 3287 335 3298 .—----.....—.

199 3355 225 3422 ⁸)
242 3353 342 3409 Paullo
365 3371 460 3423 supra:
482 3355 514 3408 iu
527 3353 734 3422 promontoriis,
758 3369 828 3422 quoe
845 3357 919 3410 mari
940 3356 1047 3412 Ocecuo
1072 3362 1096 3412 et

129 3420 253 3478 Hunlri
269 3423 382 3490 nornine
399 3423 558 3492 einpuutur.
