2324 3832
138 155 180 220 70
222 151 223 154 ‘
475 100 782 210 cuunsnnstnus.

137 311 302 387 Thiofridi,
329 330 404 388 quaa
427 330 456 373 v.
482 314 533 372 71.
558 313 597 370 72
617 311 802 386 continetur,
826 308 1027 385 proficiseitnr
1048 328 1110 370 non

85 453 97 468 ,
134 399 341 474 asyneopata
369 397 465 456 forma
495 396 625 456 nomInis
658 394 821 470 Wutroru,
850 413 941 470 quam
970 394 1110 454 adhibuit

135 502 163 543 v.
187 483 237 554 69,
262 482 314 543 sed
337 501 355 541 a
377 475 534 557 prImitiva
561 480 793 541 We'l-li·brord.
823 479 867 538 ita
895 481 996 538 autam
1018 480 1110 539 verba

135 566 342 643 Intellegenda
366 567 452 624 sunt:
476 564 503 624 si
525 564 666 624 litterar
688 582 723 622 ex
739 563 856 641 syllaba
870 564 959 624 77377
973 563 1108 640 eiciatur,

135 653 171 710 ut
193 651 300 711 evadat
323 651 410 718 brool,
435 652 464 708 37
487 649 604 726 syllaba
626 650 647 708 77
670 648 839 708 omittatur.
862 649 976 723 7777777
990 649 1110 725 passiva

135 734 350 811 accipiendum.
395 764 436 775 —
480 753 509 793 v.
541 735 580 793 73
608 734 664 793 mel
684 738 838 808 nectarque
859 733 1110 794 suentana

136 819 199 878 eius
211 822 381 878 maternum
397 817 436 877 el.
450 817 592 882 Dracont.
606 816 705 879 Orest.
720 818 781 878 567
795 836 837 894 sq.
841 860 850 894 ,
866 817 918 877 ubi
932 818 1108 895 legendum:

132 905 258 976 77777777
279 908 410 979 37373773
433 903 511 963 777777
532 904 619 964 ubere
632 904 723 963 773773
739 904 844 971 labris,
867 903 965 962 777777
986 908 1109 964 77377·

132 989 409 1060 77777777777777
431 988 547 1048 mella
568 1005 709 1064 saporem.
740 1019 781 1030 -
805 1008 835 1047 v.
867 988 907 1046 74
936 988 1110 1048 7777777777

134 1091 264 1133 mnam:
296 1073 416 1146 monile,
441 1075 580 1132 ornatum
602 1091 719 1133 morum
749 1073 768 1131 i.
798 1091 825 1132 a.
853 1090 966 1148 mores,
999 1072 1110 1148 quibus

135 1161 202 1216 arat
223 1160 358 1217 ornatus
385 1192 423 1202 -
447 1177 477 1218 v.
495 1159 535 1218 76
558 1157 598 1218 ef.
622 1156 709 1218 Ouid.
731 1160 803 1220 mat.
825 1155 870 1216 IV
887 1157 950 1216 290
964 1174 1009 1233 sq.
1025 1159 1110 1218 37773

134 1247 196 1302 erut
217 1242 324 1313 factes,
353 1244 387 1302 77
410 1260 470 1314 qua
491 1247 639 1321 materque
661 1247 802 1317 paterque
829 1243 961 1318 73773377
979 1247 1108 1317 possent.

133 1331 289 1398 utrumque
308 1330 462 1399 73777777
483 1325 522 1387 el.
549 1324 637 1386 ovid.
660 1329 731 1386 met.
747 1325 822 1386 XIII
839 1327 908 1385 147·
921 1327 992 1386 deus
1014 1332 1056 1387 est
1076 1329 1110 1387 77

132 1414 291 1482 utroque
307 1413 477 1485 parente.
504 1441 540 1451 —
564 1431 593 1470 v.
618 1411 657 1468 78
674 1409 712 1473 ef.
736 1411 790 1470 lib.
813 1410 837 1468 Ι.
853 1411 928 1487 Rag.
945 1405 1109 1492 (Samuel.)

134 1497 162 1569 1,
179 1493 231 1552 28.
248 1525 282 1534 -
300 1513 330 1555 v.
348 1492 473 1553 801sai.
492 1495 560 1568 11‚8
576 1499 603 1554 77
616 1496 804 1555 7777777777
816 1495 921 1569 777773
935 1495 977 1555 ab
999 1497 1111 1557 ubere

132 1595 248 1652 super
269 1576 459 1650 77777777
480 1580 634 1652 aspides.
672 1612 714 1621 —
749 1599 779 1639 v.
803 1581 965 1641 81773773·
988 1574 1108 1640 intelle-

133 1663 251 1739 gendus
274 1667 321 1723 est
338 1663 439 1724 Satan·
452 1663 489 1726 cf.
511 1663 581 1723 Isai,
605 1664 657 1741 27,
678 1667 692 1723 1
715 1666 750 1724 77
771 1665 817 1724 dte
837 1665 889 1725 7777
909 1666 1040 1726 manabit
1060 1667 1109 1726 de-

132 1749 254 1808 77773.
272 1792 279 1806 .
294 1789 324 1808 ..
347 1766 435 1822 seper
456 1747 669 1809 Leelatbun
690 1754 890 1823 serpentem
910 1755 1050 1811 733777.
1070 1782 1108 1793 —

132 1853 160 1891 v.
184 1833 225 1890 84
254 1851 321 1907 sqq.
346 1832 454 1893 Aleuin
483 1852 512 1892 v.
535 1833 583 1894 W.
620 1833 676 1893 13
710 1835 872 1895 77377777
905 1852 971 1894 eum
998 1841 1110 1909 pater

130 1916 343 1990 1177377373
371 1918 550 1977 eeclesiae
570 1917 762 1989 fratribus
794 1921 936 1995 7777973373
956 1920 1063 1981 3777773
1084 1926 1111 1982 77

130 2001 224 2059 373773
255 2000 348 2058 7777773
376 2001 639 2076 erudiendum,
676 2008 708 2062 77
735 2002 870 2080 77777777
897 2009 978 2064 37773
1005 2007 1107 2066 777777

130 2084 231 2144 eribus
264 2084 463 2144 7777773777
506 2086 682 2160 7737777773,
729 2087 781 2146 ubi
827 2088 924 2148 777377
967 2091 1140 2151 77777777-

130 2171 209 2229 7737
239 2168 413 2239 7377377,
446 2170 542 2230 777777
574 2172 723 2232 audiret
760 2174 821 2233 7737
856 2178 969 2234 377373.
1015 2175 1107 2234 Theo·

132 2254 220 2313 d'erie.
245 2251 355 2314 Ohron.
389 2254 516 2331 Eptern.
551 2256 629 2316 13³
661 2257 740 2317 77773
767 2261 865 2332 euque
892 2259 931 2318 77
963 2254 1107 2321 Christo

68 2402 70 2406 ,
129 2344 299 2399 renatum
322 2344 464 2416 parentes
491 2343 553 2402 7773
581 2338 694 2402 0777377
720 2345 963 2417 7777773777
991 2349 1018 2404 77
1042 2362 1109 2419 per

128 2425 231 2497 77333
259 2426 537 2486 7777777777773
565 2444 655 2486 3777
682 2444 803 2488 77773
829 2424 986 2502 7737717777
1014 2429 1107 2503 tefor-

129 2508 273 2566 77773777
295 2509 458 2568 3777777777
484 2509 676 2581 frutribus
702 2510 878 2584 Ripensis
905 2514 1107 2575 7733773777

90 2628 92 2633 «
130 2590 324 2649 tradiderunt.
360 2623 415 2667 -‚
436 2612 465 2651 v.
494 2594 535 2651 85
573 2592 608 2650 de
634 2593 787 2669 Hrypansi
813 2597 937 2658 eeclesia
967 2596 1104 2658 Wattsn-
1130 2672 1134 2678 Ι

129 2673 253 2733 bachius
287 2673 322 2731 ad
347 2674 468 2733 alcuini
497 2675 518 2734 l.
548 2674 568 2733 l.
603 2675 675 2736 haee
705 2681 848 2740 annotat:
884 2678 1110 2744 ’7777377777

122 2759 227 2832 pauno
249 2762 319 2817 7777
345 2759 494 2819 33777777
516 2759 553 2819 ab
581 2760 717 2823 Ebereee
750 2759 862 2844 [York]
892 2783 954 2826 777
977 2769 1105 2828 7777777

129 2844 236 2915 etstan·
258 2859 365 2902 neuneu
393 2845 447 2904 7777
467 2845 551 2904 bodie
572 2851 613 2905 737
634 2847 778 2921 Rtpon'.
813 2849 904 2909 verba
927 2870 1033 2912 versus
1066 2853 1105 2913 85

130 2928 174 2985 ita
196 2925 368 3004 iungenda,
392 2931 427 2987 ut
448 2931 569 3004 eyreylts
590 2931 736 2992 1377777773
757 2933 797 2992 sit
817 2935 968 3011 appositio
997 2937 1105 2997 verbo·

129 3029 197 3068 rum
215 3011 353 3084 putribus
374 3013 561 3086 Ripense'bus.
585 3017 700 3094 egregii
721 3016 874 3078 Israeliten
896 3019 940 3078 ita
963 3020 1049 3098 dieti,
1074 3024 1106 3080 ut

128 3113 176 3154 sv.
199 3094 325 3154 Iohann.
353 3097 379 3171 1,
404 3098 456 3156 47.

382 3267 449 3324 eap.
472 3249 528 3309 111.
553 3248 623 3327 (lib.
646 3253 661 3313 l
684 3249 857 3335 88-312.)

176 3408 178 3414 ,
223 3345 371 3406 'rainfridi
393 3357 621 3428 argumentum:
649 3355 696 3414 De
717 3357 816 3428 patris
838 3357 900 3415 etus
920 3364 1106 3423 conversione

126 3436 161 3489 77
178 3434 213 3491 in
234 3433 407 3495 7777777773
420 3440 572 3513 77733773
592 3444 697 3499 377777
719 3443 932 3501 maerentium
954 3449 981 3504 77
1004 3463 1108 3510 777373
