2370 3810
90 146 110 210 8
351 108 372 187 .‘
477 138 665 197 rmornmr

90 295 180 372 Quae
202 295 267 360 duo
289 295 364 374 sint,
386 295 421 359 in
444 317 526 379 quae
548 294 716 360 dialectiea
737 294 851 359 dividit
870 299 978 378 ‘esae¹,

90 380 175 457 Quid
197 401 301 465 genua
321 384 354 445 et
375 382 499 464 speeies
521 380 564 444 sit
585 383 618 445 et
640 379 856 464 enthymema,
879 379 1019 466 uentae,

91 464 175 541 Quid
196 464 359 549 mathesis,
382 465 528 549 aplanes,
551 464 625 549 quis
645 464 755 529 volvat
776 464 911 548 spiritua
932 465 1062 533 urben.

89 549 200 615 Floras
222 550 350 615 divinae
373 549 531 633 decerpsit
551 548 766 617 bibliothecae

39 651 77 693 155
90 635 199 720 Atque
220 634 314 702 faves
334 636 371 697 ut
392 655 469 717 apes
491 634 669 698 construxit
690 633 885 718 spiritualem

89 718 167 784 Non
188 719 294 803 viguit
315 721 386 783 toto
408 718 512 783 maior
533 717 690 784 districtio
713 717 843 799 munde.

89 801 172 867 Nam
198 802 382 867 coenobitae
404 803 431 867 si
453 803 505 868 aui
527 801 588 867 sub
610 806 695 867 sorta
717 803 843 868 eulinae

89 887 237 972 Deperiit
258 907 396 973 granum
419 888 572 972 cuiusque
593 887 765 972 leguminis
788 909 889 955 unum

90 974 159 1037 Aut
180 973 244 1038 due
266 973 318 1038 vel
339 974 411 1057 tria,
433 973 608 1058 castigatus
630 972 670 1037 ab
693 972 845 1037 omnibus
865 992 933 1036 una
976 979 998 1034 f.
1011 986 1063 1037 te*

39 1077 77 1117 reo
90 1057 255 1123 Paenituit
276 1058 364 1140 sauri,
381 1058 472 1142 quasi
494 1079 554 1141 pro
575 1057 702 1122 ratione
723 1056 829 1141 peeuli

89 1141 146 1206 Bis
168 1142 254 1206 senis
275 1143 409 1226 psalmia
428 1143 554 1206 inetana
575 1142 610 1206 in
632 1143 697 1206 fine
719 1141 849 1226 synaxis

90 1226 400 1310 Adiutue'preeibus
422 1226 573 1291 fraternis
595 1229 693 1310 atque
715 1226 848 1295 solutus.

89 1310 129 1375 In
151 1331 245 1375 versu
266 1332 396 1375 manaae
418 1311 474 1394 qui
496 1310 600 1375 dieere
622 1311 768 1396 neglegit
788 1313 917 1391 tamem,

90 1396 138 1458 Aa
161 1395 189 1458 si
210 1398 318 1459 mente
340 1414 441 1479 vagus
463 1395 602 1460 nauticae
624 1417 679 1460 sex
701 1395 838 1460 sustinet
859 1393 954 1458 ietna

39 1479 151 1544 eust
172 1479 308 1544 totidem
330 1500 453 1563 passus,
478 1480 534 1563 qui
555 1480 653 1545 tussia
675 1481 841 1545 rheumate
863 1481 973 1544 taetus

89 1563 128 1628 In
150 1563 329 1649 psalmodia
350 1586 417 1629 non
439 1565 549 1650 peatlit
570 1586 648 1630 voce
669 1585 795 1630 sonora.

89 1651 202 1735 Aeque
223 1650 356 1736 quisque
379 1649 450 1732 luit,
475 1650 531 1735 qui
554 1650 671 1715 dixerit
692 1671 761 1714 esse
784 1669 877 1713 suum
900 1647 989 1731 quid.

89 1733 124 1800 Si
145 1738 255 1820 guttas
277 1735 389 1800 temeti
411 1734 471 1800 sub
492 1756 571 1800 eura
590 1734 698 1819 perdit
720 1733 828 1818 inerti,

89 1819 252 1883 Damnum
274 1823 411 1902 taxatur,
435 1841 508 1884 reus
530 1821 636 1885 aerius
658 1819 855 1903 exagitatur:

38 1900 166 1967 uoNon
189 1904 318 1968 hemina
339 1905 400 1968 sibi
422 1905 561 1988 partitur
583 1904 691 1971 debita
712 1903 790 1987 vini,

89 1985 151 2052 Sed
175 1987 214 2051 de
236 1987 327 2051 fonte
348 1988 441 2071 bibit,
464 1987 550 2073 dum,
572 1992 729 2073 quantum
751 1985 899 2072 perdidit,
922 1985 1016 2052 insit.

89 2070 124 2136 Si
147 2072 218 2169 quia
237 2071 369 2137 cultello
391 2093 536 2137 mensam
557 2072 723 2156 pertundit
744 2074 850 2150 aputu,

88 2155 219 2222 Vib1ees
242 2179 353 2222 saevae
375 2158 499 2242 petitur
519 2179 580 2242 pro
602 2157 738 2222 emmine
759 2158 868 2222 denae

87 2240 132 2307 Et
154 2243 210 2327 qui
232 2242 358 2326 dormit,
382 2244 436 2308 ubi
458 2242 576 2309 mulier
598 2242 654 2308 dat
673 2242 818 2307 membra
839 2261 876 2305 se
918 2240 957 2321 ri,

38 2345 76 2385 175
87 2325 157 2392 Nee
179 2327 340 2392 flammam
363 2329 490 2411 metuit,
513 2331 668 2394 eonsueta
690 2327 792 2391 diaria
811 2347 852 2410 pe
893 2324 931 2390 'tt

89 2413 171 2476 Arte
194 2434 288 2496 pane,
310 2413 400 2477 brevi
422 2412 555 2496 lympha
576 2412 771 2497 permittitur
793 2410 850 2475 uti.

88 2493 152 2559 Sed
174 2495 258 2578 quod
281 2496 447 2576 multatur,
471 2497 526 2580 qui
549 2518 623 2563 easu
644 2496 875 2580 praecipitatur

88 2578 193 2643 Pente
216 2580 267 2643 vel
289 2600 329 2643 ex
350 2580 469 2663 kymba
491 2580 543 2644 vei
565 2601 647 2664 equo
670 2581 804 2646 feriente
826 2579 929 2660 ruina,

89 2661 172 2739 Quid
195 2663 247 2746 ait,
270 2685 338 2728 non
360 2665 450 2746 novi,
471 2665 613 2730 referens
636 2665 819 2731 incredulus
842 2663 903 2732 odi.

37 2767 74 2807 ree
89 2746 151 2824 Qui
172 2746 218 2812 fel
240 2749 381 2814 invidiae
403 2750 474 2829 fert,
499 2751 589 2815 ardet
611 2772 650 2816 ac
670 2751 802 2838 ignibus
824 2749 902 2830 irae,

88 2833 130 2898 Ni
153 2855 231 2899 mox
253 2835 425 2918 paeniteat,
449 2835 513 2900 nisi
536 2835 644 2902 eordia
665 2835 801 2900 vulnera
821 2832 949 2918 prodat,

88 2917 175 2992 Quot
197 2919 281 2984 solea
301 2919 400 3000 siluit,
423 2921 559 2987 tetidem
580 2920 701 2985 ieiunia
722 2919 820 2985 solvit

87 3000 176 3066 Pane
196 3001 291 3068 luens
312 3008 345 3069 et
365 3027 456 3090 aqua,
480 3005 566 3092 quod
587 3011 697 3070 mente
718 3007 871 3090 gravatur
893 3022 1013 3067 amara

88 3087 134 3151 At
155 3087 390 3172 quinquagenis
411 3093 570 3176 purgatur
589 3090 673 3174 pelle
694 3088 841 3174 flagellis,

156 3244 205 3295 152
227 3238 339 3306 eorytee
363 3240 417 3293 GT
484 3247 532 3295 153
554 3242 697 3308 mathesya
723 3239 782 3294 GT
847 3245 897 3294 156
919 3237 1008 3306 riguit
1030 3239 1057 3294 Τ

87 3306 267 3376 quodpiam
325 3312 372 3361 167
385 3308 551 3364 caenobitaa
566 3309 593 3364 θ
650 3307 874 3363 ltuPeuituitT
930 3311 978 3360 101
990 3305 1052 3362 Bie-

87 3374 162 3429 eenie
181 3373 241 3429 dr
295 3379 343 3429 163
361 3374 479 3431 Inversa
498 3376 525 3431 θ
578 3381 626 3430 165
637 3378 765 3430 reumata
779 3376 837 3431 GT
898 3379 948 3429 1¹20
959 3375 1055 3429 emina

90 3441 149 3497 GT
204 3448 252 3500 173
265 3458 344 3500 aevae
361 3443 388 3499 Τ
437 3449 486 3500 177
503 3443 689 3514 precipitatur
708 3444 765 3500 GT
817 3449 865 3498 181
882 3442 1013 3512 peniteat
1029 3443 1056 3497 Τ
