2370 3810
245 144 332 201 VITA
350 144 601 201 WILLIBRORDI
619 145 791 202 maculae.
813 145 880 201 ΜΒ.
893 145 929 200 Π.
1031 146 1073 212 29

105 297 313 382 Incessitque
335 302 458 363 metum
480 301 547 362 tam
570 297 757 364 detestabile
779 298 890 374 letum.

105 384 179 450 Hoc
201 383 291 449 obitu
313 385 448 467 pereant
471 383 664 468 quicumque
685 384 849 449 viantibus
872 385 1012 449 obstant.

107 468 134 534 Ο
159 468 273 554 quanti
296 468 404 532 meriti
426 468 491 548 vir,
514 489 611 552 quam
633 489 725 534 carus
749 467 876 534 deitati!

107 553 184 618 Non
207 552 284 617 deus
307 552 479 634 offensum,
502 553 630 636 pulsum
653 552 775 618 dimisit
796 553 950 636 inultum,

54 657 92 698 aso
107 638 183 704 Non
206 638 275 703 eius
299 637 402 715 cordi,
425 658 493 702 non
516 637 583 702 eius
606 635 709 703 defuit
730 638 785 704 ori.

106 723 183 808 Ipse
204 721 288 786 nihil
310 721 425 800 voluit,
449 722 512 787 nisi
535 722 619 807 quod
641 722 746 788 voluit
767 721 845 788 deus
867 723 953 806 ipse,
1140 757 1144 799 s

109 807 214 874 Sarrae
237 806 402 871 doctrinae
424 807 530 872 studio
553 807 706 874 discurrit
726 808 855 892 ubique.

149 891 223 956 XV.
258 890 407 976 Dumque
431 913 487 975 per
508 891 623 956 undosi
645 893 798 958 transiret
819 892 915 958 litora
936 892 1029 976 ponti

109 975 182 1042 Sole
205 979 364 1061 coquente
387 974 488 1058 diam,
511 976 600 1041 calor
622 977 768 1043 accendit
790 977 860 1042 sitis
883 977 1003 1063 ignem.

56 1063 271 1127 corruerant
293 1061 448 1126 comitum
470 1059 589 1142 senece,
613 1083 665 1145 os,
689 1063 816 1147 lingua,
838 1063 1000 1147 palatum3

110 1146 170 1211 Est
191 1167 277 1231 aqua
298 1146 388 1210 iuxta
410 1167 460 1226 se,
484 1146 614 1231 salsugo
637 1145 693 1211 sed
716 1150 843 1212 amovet
865 1169 884 1211 a
906 1168 958 1227 se,
1074 1148 1077 1153 ’

110 1229 255 1296 Oernunt
277 1251 338 1294 nec
360 1232 502 1315 tangunt
524 1234 557 1295 et
577 1230 651 1314 plus
673 1231 802 1314 sitiunt,
826 1231 902 1317 quia
931 1233 1078 1296 cernunt.

110 1315 181 1391 Quo
204 1314 310 1379 minus
333 1314 483 1380 ardentes
505 1319 638 1400 possent
659 1316 797 1402 tolerare
819 1337 972 1401 vapores,

110 1399 309 1484 conspectae
331 1399 454 1482 fecistis
477 1422 578 1485 equae
600 1401 675 1466 salis
696 1401 801 1467 instar
823 1423 960 1467 amarae.
1002 1406 1022 1462 f.
1034 1414 1080 1463 731

53 1498 95 1542 ⁸³⁰
110 1483 346 1550 Condescendit
368 1484 413 1550 eis
436 1486 485 1549 vir
506 1485 678 1550 mellifluae
699 1486 847 1570 pietatis,

110 1568 160 1635 Ne
184 1569 404 1653 desperarent,
426 1569 593 1652 hortatus,
616 1592 657 1636 ne
678 1570 869 1653 titubarent,

109 1652 132 1720 S
157 1675 174 1718 e
196 1654 272 1718 fidei
294 1655 396 1718 mixta
418 1654 518 1719 subiit
539 1656 681 1728 tentoria
702 1656 767 1719 fixa

144 1760 180 1803 ec
202 1739 348 1822 permisit
369 1738 414 1803 ibi
438 1760 632 1823 quemquern
653 1739 788 1824 propius
809 1739 972 1804 remorari.

113 1823 288 1904 Procubuit
309 1822 437 1888 modica
459 1825 569 1888 scrobe
590 1824 679 1889 facta
700 1824 791 1888 fusus
814 1824 849 1888 in
871 1826 958 1903 aeta,

53 1924 98 1966 ³³⁶
112 1907 240 1973 Palmas
263 1908 426 1993 expandit,
450 1908 574 1972 caelum
596 1909 744 1992 precibus
766 1909 964 1994 penetravit:

111 1990 253 2074 ‘Summe
268 1994 360 2073 deus,
384 1993 451 2077 pie,
475 1993 656 2074 ceredam,
681 2015 782 2059 meas
807 2016 857 2076 es,
880 2015 952 2060 mea
968 1994 1080 2072 virtus,

110 2077 223 2144 Dulcis
246 2076 322 2142 fons
345 2077 447 2158 vitae,
469 2078 518 2142 nil
540 2077 665 2144 dulcius
688 2082 720 2144 et
742 2017 857 2145 meiius
880 2083 928 2161 te,

110 2160 205 2228 Solus
227 2161 326 2226 habes
350 2164 455 2244 ‘esse’,
478 2184 541 2246 quo
562 2185 671 2228 rerum
692 2163 825 2248 profluit
848 2170 953 2242 ‘esse’,

87 2246 204 2313 .‘Esse
226 2253 328 2312 suum’
353 2248 409 2311 das
432 2248 563 2331 cuique,
586 2248 696 2312 datum
718 2269 775 2312 eeu
798 2248 848 2312 vis
870 2247 917 2311 ita
938 2252 1055 2313 mutas.

56 2347 99 2389 ³40
113 2330 153 2396 In
176 2331 341 2397 colubrum
363 2332 505 2416 typicam
528 2332 660 2397 mutasti
682 2330 817 2480 mqstice
839 2331 979 2416 virgam3

112 2415 173 2480 ‘uss
194 2415 299 2481 faetus
321 2416 454 2501 sanguis
475 2416 585 2496 Nilus,
609 2416 718 2501 Memp
742 2415 838 2481 iticus
861 2416 979 2502 amnis;

112 2501 271 2565 Profluxit
293 2499 396 2567 dulcis
419 2501 479 2565 diri
501 2503 591 2586 prius
613 2501 700 2568 unda
722 2501 845 2585 saporis

112 2584 290 2652 Duleorata
311 2589 389 2670 typo
411 2587 513 2651 crucis
536 2586 680 2653 immisso
703 2587 767 2651 sibi
789 2586 897 2672 lign03

113 2669 208 2734 Petra
231 2669 364 2735 Petrum
386 2670 519 2756 signans
541 2675 574 2736 ct
595 2672 731 2755 mystica
753 2670 838 2736 done
859 2671 1047 2736 ministrans

57 2769 99 2811 ³4⁵
116 2754 272 2819 Ardorem
294 2756 415 2904 populo
438 2756 509 2822 sitis
531 2756 671 2821 extinxit
692 2757 842 2821 recutite.

111 2838 157 2904 Es
181 2838 258 2905 deus
281 2839 292 2904 i
315 2861 365 2904 em
380 2862 468 2906 nunc
484 2844 517 2906 et
531 2840 616 2905 idem
631 2845 738 2925 potes,
762 2861 780 2904 o
795 2839 864 2937 pie,
887 2839 972 2923 quod
987 2842 1083 2917 tunc,

114 2923 178 2989 Par
200 2923 378 3010 similisque
400 2928 474 2992 tuos
497 2930 619 2991 recreet
639 2947 700 2990 nos
723 2928 830 3010 gratia
852 2945 976 3006 servos,

116 3007 203 3074 Fons
225 3013 336 3075 manet
358 3008 460 3076 dulcis
482 3014 580 3095 gustu
602 3014 755 3094 tactuque
778 3008 934 3091 salubris,

114 3092 166 3158 Ne
189 3099 439 3176 consumantur,
465 3096 520 3180 qui
542 3117 593 3160 mc
614 3117 675 3179 pro
698 3100 731 3159 te
754 3094 965 3178 comitantur,

57 3195 102 3238 eae
116 3176 202 3253 Quos
226 3180 418 3244 commisisti
440 3181 521 3244 mihi
543 3201 686 3264 quosque
708 3180 789 3245 mihi
811 3179 968 3256 tribuisti;

180 3318 232 3368 816
260 3312 367 3369 lactum
396 3315 422 3370 G
508 3321 558 3372 323
584 3314 683 3368 littora
710 3314 768 3369 GT
852 3319 901 3368 327
928 3313 1031 3368 eiciunt
1059 3313 1085 3368 G

113 3380 389 3503 {ithemphyticua
409 3382 467 3438 GT
521 3388 571 3438 343
589 3382 750 3439 inmissoG
803 3387 860 3438 ‘stt
871 3381 969 3433 tetra.
980 3381 1108 3443 patrm
