2370 3810
153 154 196 221 34
536 151 726 208 vmosumr

102 324 141 365 css
155 305 246 373 Ultio
270 305 428 391 desaevit,
451 305 534 370 redit
555 326 669 391 aeger,
691 305 806 390 pocula
827 306 949 389 poscit,

155 391 218 456 Vix
241 391 420 489 expectavit
441 391 646 475 spatiumque
668 411 776 454 morae
800 391 905 455 brevis
927 390 1009 456 odit

154 476 309 542 Admovit
329 479 473 560 pateram
495 474 593 539 labris
614 475 762 559 plenam,
786 475 978 559 spatiosam,

154 559 215 627 Sed
237 581 304 625 nou
326 560 456 625 influxit
476 560 543 624 viui
566 559 687 642 liquor,
710 560 809 624 immo
831 559 971 626 refluxit.

155 645 198 712 Os
221 649 327 711 totum
349 645 474 726 mersit,
496 645 543 707 nil
565 643 701 728 profuit,
725 645 819 708 ardor
841 643 983 728 adussit,

101 731 170 796 caol
218 730 245 794 is
268 727 348 793 edax
369 728 470 792 tacita
492 727 658 792 succendit
681 728 805 793 viscera
825 728 967 814 flamma,

152 751 312 881 Eihausit
334 834 446 878 sucum
468 813 589 877 circum
611 813 724 877 vitalia
745 811 862 880 fusum.

155 898 297 966 Oanduit
317 897 353 962 in
376 899 460 963 sicco
481 901 670 982 turgescens
691 896 804 983 lingua
824 897 950 982 palato,

155 983 231 1051 Non
253 982 351 1049 sudor
373 984 485 1049 solitus
508 983 644 1047 lassatos
666 985 777 1046 manat
797 983 832 1046 in
856 985 963 1065 artus,

156 1071 260 1134 Arent
282 1072 415 1133 exustae
437 1068 556 1132 siccata
576 1088 635 1165 per
656 1087 728 1130 ossa
749 1066 925 1132 medullae:

102 1172 140 1213 aas
154 1153 271 1218 Missus
292 1153 327 1217 iu
351 1173 508 1216 oceanum
530 1152 601 1216 sitis
623 1151 703 1215 haut
725 1150 815 1221 extin
862 1155 930 1215 eret
952 1155 1091 1218 aestum.

153 1237 228 1302 Non
250 1256 284 1301 se
307 1236 452 1300 divinum
475 1237 576 1300 credit
597 1235 711 1319 punire
733 1234 817 1319 flage
830 1236 916 1313 lum,
989 1297 992 1302 .

154 1320 216 1386 Sed
231 1323 327 1384 vocat
339 1318 557 1404 Archigenen,
574 1318 752 1384 medicinae
767 1319 912 1404 postulat
922 1324 1037 1406 artem,
1049 1328 1071 1384 f.
1079 1335 1127 1385 76ῐ

153 1404 296 1469 Maxima
318 1404 401 1469 dona
422 1402 524 1487 dedit,
546 1404 649 1470 multo
672 1405 792 1469 maiora
815 1403 1007 1488 spopondit,

154 1490 293 1556 Summis
316 1489 464 1573 expensis
487 1490 566 1553 emit
586 1489 732 1554 fomenta
754 1486 889 1553 doloris:

101 1573 273 1641 evocasses
296 1573 414 1638 deiecit
435 1573 527 1639 labor
549 1579 583 1639 et
604 1573 696 1639 dolor
718 1576 830 1637 auctus
852 1573 1002 1638 inhaesit.

155 1659 300 1724 Tandem
323 1659 477 1742 defessus,
500 1659 590 1723 nullo
613 1658 823 1723 medicamine
845 1657 963 1741 fretus,

156 1743 259 1820 Quem
281 1746 542 1829 contempsisset,
566 1744 726 1821 meminit,
749 1763 844 1826 quem
867 1743 899 1807 vi
921 1742 1112 1827 pepulisset.

154 1828 336 1911 Paenituit;
358 1829 464 1906 fleret,
488 1829 515 1892 si
538 1827 632 1892 fletus
653 1849 738 1892 vens
759 1827 894 1912 vigeret.

155 1913 332 1976 Absentem
355 1913 496 1996 quaerit,
520 1933 615 1995 quem
638 1917 749 1976 torvus
771 1911 861 1976 abire
882 1913 990 1997 coegit
996 1962 1006 1996 ,

102 2014 140 2055 soa
156 1994 190 2062 Si
212 1996 324 2061 forsan
346 1996 470 2076 redeat,
492 2017 550 2079 per
571 2016 687 2080 gyrum
711 1996 852 2079 compita
873 2000 990 2062 servit.

154 2079 355 2165 Supplicium
377 2083 505 2144 tantum
527 2079 708 2145 revolutum
732 2080 826 2145 durat
847 2081 882 2145 in
904 2103 1044 2164 annum,

156 2165 237 2232 Cum
259 2164 386 2230 demum
409 2165 519 2246 rediit,
542 2186 605 2250 quo
627 2165 755 2229 vindice
777 2166 885 2248 passio
907 2169 1021 2250 coepit

154 2250 215 2315 Est
236 2272 309 2316 reus
333 2250 486 2315 adductus
509 2252 609 2315 macie
632 2250 813 2330 confectus,
836 2251 983 2331 adustus,

154 2336 224 2400 Irae
246 2336 312 2400 vim
335 2336 494 2420 queritur,
516 2357 549 2399 se
572 2335 744 2419 deliquisse
766 2335 902 2417 fatetur,

102 2419 308 2504 ⁶10Deposcit
330 2420 474 2502 veniam,
496 2424 589 2484 tanta
610 2440 668 2503 pro
714 2422 781 2483 este
802 2418 970 2485 medelam.

152 2503 221 2568 Nec
243 2524 334 2566 mens
358 2502 533 2566 Clementis
555 2504 671 2567 clausit
690 2442 815 2568 iontem
838 2503 985 2586 pietatis,

153 2586 296 2651 Nomine
319 2586 504 2671 significans
526 2608 593 2651 rem
616 2588 718 2672 gessit
739 2588 972 2673 significatam,

155 2670 316 2737 Clementi
337 2690 473 2754 poenam
496 2671 657 2755 probitate
679 2674 831 2757 repressit
853 2676 886 2736 et
907 2673 1002 2751 iram,

153 2756 203 2820 Ex
226 2757 354 2856 proprio
374 2756 491 2841 cyatho
514 2759 668 2822 temetum
691 2757 820 2822 miscuit
842 2777 948 2841 aegro.

101 2841 240 2906 ⁵1⁵‘Non
262 2842 348 2907 brbe'
372 2842 552 2926 damnavit,
576 2842 672 2907 ‘bibe’
696 2842 882 2906 damnatum
904 2842 1079 2925 reparavit.

152 2924 299 2991 Moribus
322 2931 397 2991 ante
419 2927 533 3012 lupum
555 2931 760 2992 mansuetum
781 2926 880 2991 vertit
900 2927 937 2990 in
958 2946 1102 3010 agnum,

152 3009 349 3075 Incolumem
372 3012 443 3076 fidis
464 3012 663 3097 hilaremque
684 3010 809 3079 remisit
835 3010 954 3075 amieis.

219 3183 270 3256 :²⁸⁶
288 3177 368 3232 Ulcio
387 3179 445 3235 GT
478 3180 586 3235 desevit
604 3180 630 3233 T
687 3185 738 3236 486
756 3179 939 3249 spaciumquc
959 3177 1016 3233 GT
1070 3185 1125 3235 487

691 3245 938 3368 savae
1070 3254 1126 3368 rc

152 3380 262 3437 namG
331 3387 381 3436 514
399 3382 512 3451 egros
587 3389 637 3438 515
655 3331 871 3450 dampnavitp—
890 3331 1075 3450 dampnatoria
1095 3382 1125 3438 θ

152 3454 201 3504 cll
218 3449 403 3518 hylaremque
423 3449 482 3504 GT
