2370 3810
115 168 177 214 xiv
445 113 739 210 -eaoniacouuun

115 301 209 386 signa
229 302 487 388 interposuisset
528 303 615 370 Nam
641 326 679 372 aa
705 327 764 390 pro
787 327 802 370 e
823 308 952 369 tantum
979 306 1083 391 abest,

114 392 152 450 ut
173 389 349 471 aequaliter
370 389 405 454 in
429 389 555 455 casibus
577 389 701 485 primae
718 389 941 455 declinationis
964 390 1082 456 substi-

113 472 226 554 tuerit,
248 478 285 540 ut
305 495 540 558 nonnunquam
560 472 670 540 httera
688 496 704 541 e
724 475 760 539 in
774 474 942 539 adiectiris
958 480 992 539 et
1005 475 1083 541 sub·

113 559 261 624 stanlivis
284 562 411 624 servata
432 560 478 624 eis
500 556 639 641 speciem
666 559 818 643 praebeat
845 559 1082 624 adverbiorum.

114 640 185 726 Sia,
208 648 246 709 ut
266 644 377 728 paucis
398 664 450 707 me
472 641 669 725 contineam,
698 643 714 708 Ι
737 644 778 708 89
799 644 985 726 speculative
1006 645 1083 709 reti-

112 729 202 810 nuit,
234 728 291 793 ubi
323 727 527 792 scribendum
558 731 627 792 erat
657 729 878 810 speculatiuae,
907 728 1085 812 eodemque

114 812 209 878 modo
231 812 248 877 Ι
269 812 406 879 389390
427 812 613 895 speculative
634 816 667 878 et
681 814 779 878 actiae
793 834 849 896 pro
864 834 925 892 -ae,
949 812 1086 878 111110

115 898 287 984 tleatoaicc
307 918 366 980 pro
389 897 576 979 teataaiaae,
605 897 653 961 sic
672 896 722 961 III
747 897 905 979 lespera
933 919 991 980 pro
1007 918 1084 979 poe·

112 1002 183 1048 mae.
217 981 321 1046 Multo
345 985 453 1046 autem
475 980 579 1045 acrius
602 981 707 1046 editor
730 980 950 1064 corripiendus
973 986 1022 1045 est
1043 1003 1084 1047 ea

113 1065 152 1132 de
167 1087 272 1150 causa,
295 1065 380 1150 quod
396 1070 507 1131 nostro
522 1086 623 1148 more,
647 1068 684 1130 ut
697 1064 793 1130 hodie
808 1065 959 1145 dicimus,
981 1067 1082 1131 inter-

111 1152 240 1235 punxit.
277 1150 461 1216 Innumeris
483 1150 570 1214 enim
592 1149 672 1215 locis
694 1154 762 1214 tam
785 1151 893 1233 inepte
915 1151 1009 1234 signa
1023 1150 1083 1215 illa

111 1235 234 1318 posuit,
262 1240 298 1299 ut
324 1235 585 1318 perspicuitatem
612 1255 680 1299 non
707 1233 803 1300 modo
839 1255 906 1300 non
942 1236 1080 1320 auxerit,

112 1319 167 1385 sed
200 1340 429 1403 saepenumero
462 1339 594 1402 prorsus
632 1319 858 1386 obscuraverit.
903 1319 972 1386 Nec
1004 1343 1082 1386 vero

112 1404 207 1469 aliter
229 1405 259 1468 ei
281 1426 340 1468 usu
363 1405 472 1469 venire
494 1405 618 1486 potuit,
641 1404 693 1468 cui
715 1404 900 1486 saepissime
922 1426 963 1469 ne
985 1405 1082 1470 intel·

111 1488 213 1553 lectus
236 1487 363 1571 quidem
387 1488 556 1552 verborum
577 1491 710 1571 pateret.
741 1487 834 1563 Quod
849 1488 896 1552 ita
910 1510 943 1554 se
959 1490 1083 1556 habere

110 1595 179 1639 non
201 1573 306 1637 solum
327 1573 422 1637 multi
443 1572 506 1636 loci
520 1576 628 1637 textus
644 1573 879 1651 demonstrant,
902 1573 957 1638 sed
975 1575 1082 1640 multo-

111 1659 208 1723 etiam
231 1658 334 1743 magis
355 1661 462 1740 notae,
485 1656 601 1741 quibus
623 1680 676 1721 ma
716 1657 803 1721 inem
824 1657 1011 1723 inferiorem
1034 1697 1074 1708 -

110 1745 239 1808 ornavit
261 1742 357 1808 dico?
381 1743 479 1807 immo
503 1742 656 1808 foedavit.
676 1677 767 1807 llam
790 1745 827 1807 ut
841 1745 963 1807 taceam
979 1744 1017 1808 de
1033 1744 1083 1808 eis

109 1828 389 1909 annotationibus,
412 1828 529 1911 quibus
551 1828 650 1892 verba
671 1828 749 1891 satis
771 1829 849 1890 nota
869 1849 928 1911 per
949 1829 1082 1893 notiora

109 1910 224 1990 reddit,
245 1915 282 1975 ut
296 1916 375 1994 puta
383 1913 506 1993 paedor
520 1933 579 1994 per
593 1913 669 1977 aclcr
683 1911 803 1993 foedas,
825 1913 938 1991 malas,
955 1913 1080 1995 cleptim

132 2017 166 2060 er
184 1995 315 2076 fartim,
333 1997 470 2079 perditio
492 2017 549 2078 per
570 1997 685 2077 raiaa,
709 1997 854 2074 critiam,
877 2019 944 2062 non
964 1999 1080 2080 paucis

107 2017 188 2145 lbcis
210 2080 382 2144 falsissima
396 2080 528 2164 profert.
562 2079 643 2156 Quid
660 2081 755 2162 enim,
770 2081 854 2163 quod
871 2080 887 2144 I
906 2086 916 2144 1
938 2101 1078 2167 erasme,

108 2165 192 2249 quod
215 2165 376 2251 significat
398 2166 504 2230 modas
525 2166 672 2243 musicos,
702 2185 760 2248 per
781 2166 957 2247 cymbalam
978 2167 1078 2231 inter-

106 2254 266 2334 pretatur,
296 2250 311 2314 I
340 2251 380 2315 91
414 2249 545 2316 Heliam
567 2250 759 2334 prophetam
787 2271 845 2332 pro
868 2248 972 2333 Helio,
996 2250 1077 2334 sole,

107 2337 239 2420 accipit,
258 2335 279 2399 .Ι
296 2336 357 2400 195
370 2340 556 2418 symmystas
571 2334 763 2418 'simpliciter
776 2336 874 2400 socias
889 2356 957 2399 esse
972 2338 1074 2419 putat,

107 2440 180 2484 cum
206 2421 273 2484 sint
299 2424 484 2485 secretorum
510 2421 634 2500 cameli,
657 2417 841 2502 quidquod
864 2419 1078 2498 1499111111,

104 2504 126 2569 i.
151 2525 177 2568 e.
202 2504 370 2580 am‘malia,
389 2505 483 2586 sipaa
503 2503 635 2583 11111111,
651 2525 709 2585 per
729 2521 810 2569 aerea
825 2502 939 2586 reddit,
961 2503 1072 2570 11181

106 2591 275 2671 clibaaam,
303 2585 389 2671 quod
412 2591 460 2652 est
486 2587 619 2668 farriae,
649 2588 804 2652 thoracem
828 2588 982 2669 ferream
1012 2611 1078 2672 aaa

99 2680 209 2756 pectas
230 2674 360 2756 tepltwr,
384 2675 488 2755 putat,
510 2671 544 2736 ΙΙ
565 2671 630 2736 484
650 2673 813 2754 dipsadem
835 2693 976 2757 anguem
998 2696 1074 2738 oum

106 2759 270 2836 diducitis
281 2756 459 2833 confundit,
472 2755 589 2820 111991
601 2756 735 2822 betulam
742 2756 890 2822 arborem
897 2757 1069 2842 intellegit,

105 2863 178 2908 cum
196 2840 381 2908 Thiofridus
403 2844 514 2925 aperte
536 2861 614 2904 voce
635 2841 786 2906 hebraica
808 2841 962 2924 bellelaia,
986 2845 1069 2926 quod

105 2932 154 2991 est
175 2930 278 3011 airpo,
300 2930 420 3008 utatur,
442 2924 488 2990 IV
507 2925 566 2989 131
590 2927 773 3006 quilismata
795 2925 874 2990 dicit
894 2946 1004 2992 sacam
1018 2948 1070 2992 ea-

103 3032 260 3095 pressrm,
290 3033 361 3076 cum
385 3033 448 3076 vox
470 3009 527 3074 illa
548 3009 709 3094 significet
728 3011 919 3077 vibrationes
939 3013 1072 3077 vacam?

191 3095 278 3172 Quae
294 3117 364 3160 cum
381 3097 428 3160 ita
443 3096 517 3178 sint,
532 3095 683 3160 meritum
697 3095 829 3160 editoris
843 3099 969 3160 tantum
986 3097 1020 3159 in
1032 3118 1070 3160 eo

104 3181 248 3265 conspici
261 3183 385 3330 Ι1111111,
408 3178 787 3330 quodssrffhtipfrfidisslibrol
803 3201 841 3243 ex
863 3179 1077 3330 1111111111οεῖι

102 3287 174 3330 rum
205 3288 260 3330 um
282 3286 399 3330 racu1s
451 3286 486 3328 ro
538 3286 555 3328 c
634 3285 744 3330 onem
788 3285 901 3327 arum
934 3287 1045 3330 aerm

102 3349 158 3415 sed
180 3351 237 3434 ita,
260 3355 296 3415 ut
311 3372 411 3435 aquae
427 3287 466 3414 (le
480 3350 558 3414 limo
575 3348 762 3433 purgandae
782 3286 849 3412 nob
863 3347 932 3432 ipse
947 3287 1076 3416 slrbnel.

127 3437 280 3519 egebam,
304 3434 360 3501 sed
381 3435 578 3518 relinqueret
598 3434 681 3499 aliis.
