2370 3810
370 898 778 978 PROLEGOMENA.

177 1176 265 1253 Quae
281 1176 549 1243 wattenbachius
567 1179 601 1250 in
616 1178 832 1263 praefatione,
848 1202 944 1266 quam
960 1179 1055 1246 Vitae

90 1263 195 1327 sancti
217 1261 419 1327 Willibrordi
446 1261 659 1328 Alcuinianae
681 1266 848 1348 praemisit
869 1264 969 1352 (Bibl.
992 1286 1054 1328 rer.

90 1346 196 1412 Germ.
219 1347 268 1412 ed.
297 1346 381 1420 Jaffe'
402 1351 480 1412 tom.
511 1347 558 1413 VI
580 1371 612 1432 p.
634 1349 705 1431 38),
733 1350 772 1413 de
794 1348 954 1415 Thiofridi
976 1348 1055 1414 Vita

10 1398 25 1478 l
91 1430 296 1497 Willibrordi
317 1431 459 1513 iudicat,
472 1453 511 1497 ea
531 1433 678 1516 profecto
701 1455 768 1499 non
791 1438 868 1498 sunt
889 1434 1057 1514 eiusmodi,

91 1521 128 1581 ut
142 1538 335 1601 quemquam
350 1517 391 1581 ad
406 1517 467 1582 hoc
483 1538 564 1601 opus
580 1517 739 1582 edendum
754 1517 933 1602 impellant.
971 1517 1059 1582 Dicit

91 1603 177 1666 enim
188 1602 238 1666 vir
249 1601 452 1666 doctissimus
464 1601 522 1666 loc.
535 1601 639 1665 laud.:
656 1601 784 1666 ‘Tribus
798 1606 874 1685 post
884 1601 1057 1666 Alcuinum

89 1685 225 1750 saeculis
240 1685 425 1749 'thiofridus
439 1684 688 1768 Epternacensia
710 1686 823 1768 abbae,
846 1687 900 1772 qui
923 1709 950 1751 a.
973 1686 1055 1750 1110

91 1770 188 1848 obiit,
212 1791 330 1834 novam
354 1768 556 1836 Willibrordi
578 1772 679 1835 vitam
701 1771 830 1855 scripsit
851 1792 933 1855 qaae
954 1771 1059 1836 1111111

89 1856 210 1920 medita
224 1857 306 1921 lacet
327 1859 369 1934 ct,
392 1858 428 1919 ut
442 1854 576 1939 videtur,
591 1857 700 1921 merito
715 1857 849 1922 iacebit?
878 1855 954 1922 Non
970 1856 1059 1920 omni

90 1961 128 2088 {x
142 1942 250 2087 dparte
277 1938 519 2088 Wavt'tenlbaqihii
547 1940 726 2089 sentientiae
752 1941 961 2087 astipulaturp
989 1960 1058 2037 esse

88 2029 940 2203 111ῗ11111111ῗ111111311ῗέ11111
984 2044 1058 2171 ἓξὲξ
1127 2160 1130 2164 ,

89 2196 234 2257 oratione
257 2191 465 2274 consempsit,
489 2191 612 2275 aliquas
634 2196 743 2256 tamen
789 2196 873 2256 artes
894 2192 929 2256 in
980 2211 1058 2255 onu-

43 2331 45 2336 .
87 2276 206 2341 mentis
229 2274 420 2340 Germaniae
442 2275 589 2360 scriptor.
612 2275 735 2340 tomX
784 2276 816 2341 ll
837 2297 912 2362 pag.
929 2275 1057 2342 23-30

88 2360 211 2446 publici
233 2360 312 2424 iuris
337 2360 420 2426 lecit.
456 2359 498 2426 111
521 2361 574 2424 hic
596 2361 739 2445 quidem,
762 2367 799 2426 ut
813 2367 862 2427 est
876 2361 1056 2440 historicus,

14 2497 17 2502 .
89 2467 126 2510 ea
149 2466 225 2509 sane
248 2446 354 2529 capita
376 2445 475 2530 digna
495 2446 705 2529 existimavit,
728 2468 810 2531 quae
825 2446 982 2512 oblivioni
998 2447 1057 2509 eri-

85 2533 248 2678 perentur,
271 2530 387 2627 quibus
401 2529 556 2596 historiae
572 2530 670 2594 medii
684 2532 755 2595 aevi
771 2531 883 2596 clarior
899 2529 1056 2616 quaedam

99 2637 140 2678 ux
168 2614 291 2679 offundr
320 2618 447 2699 posset:
476 2615 554 2699 quid
575 2636 667 2696 vero,
694 2616 722 2679 si
750 2615 814 2681 alia
842 2616 940 2680 etiam
961 2635 1058 2678 causa

85 2703 187 2781 extet,
210 2720 281 2779 cur,
305 2703 391 2764 certa
413 2701 570 2784 quaedam
592 2699 697 2764 medio
719 2721 798 2764 aevo
821 2699 941 2782 scripta
962 2700 999 2760 ut
1018 2697 1053 2760 in

84 2783 191 2849 lucem
220 2784 441 2868 proferantur,
474 2784 673 2849 eruditorum
703 2783 872 2848 hominum
901 2782 1055 2846 interesse

85 2868 253 2933 videatur?
285 2869 424 2933 Interest
446 2874 556 2933 autem
577 2890 707 2951 eorum,
730 2866 785 2950 qui
808 2867 842 2930 in
858 2866 1054 2952 philologiae

85 2953 222 3018 historia
249 2953 478 3036 perscrutanda
511 2974 641 3035 operam
663 2955 697 3016 11
718 2951 862 3017 laborem
885 2952 1054 3033 collocent,

85 3038 137 3102 vel
175 3038 313 3102 maxime
346 3037 523 3121 inquirere,
561 3037 670 3120 qualia
705 3034 828 3102 fuerint
861 3037 1055 3120 scriptorum

86 3121 184 3187 medii
206 3122 278 3186 aevi
300 3121 502 3206 antiquitatis
523 3121 645 3203 studia,
678 3120 780 3206 unde,
807 3122 967 3206 quomodo
990 3139 1054 3183 me·

85 3207 189 3272 moria
212 3210 356 3271 veterum
384 3206 575 3289 scriptorum
598 3210 725 3271 servata
739 3206 782 3271 sit
807 3210 839 3271 et
859 3205 898 3270 ad
913 3211 1057 3269 nostram

84 3313 186 3375 usque
209 3295 345 3356 aetatem
374 3292 572 3375 pervenerit,
596 3291 713 3356 clarius
737 3290 959 3374 perspiciatur.
994 3287 1056 3350 Ta·

850 3395 883 3440 3¹⁸
