2370 3810
442 154 728 216 PROLEGOMENA.
958 214 961 220 .
982 176 1074 225 xx111

102 309 1074 395 IH230sq.Niiiutuitvucauspraeterdaovascutapromas

304 394 446 461 Vesceria
468 395 505 460 de
526 396 628 478 virpis
650 395 741 460 lectis
763 399 904 460 conserto
917 397 1072 478 ,eclipnic

102 478 226 544 111245
239 501 309 563 sqq.
325 479 438 544 Patris
462 481 593 561 patroni
612 480 713 544 colitis
734 480 897 547 sollemnia
918 483 1073 546 castriis.

306 564 446 629 Peneum
467 564 615 643 coloniis,
638 565 752 646 plenas
773 566 882 646 malus
904 567 1034 630 macto

307 648 370 714 Sed
389 649 437 714 nii
457 653 502 714 esi
523 648 603 732 villi,
619 650 677 714 vic
686 654 821 731 poseant
832 656 964 732 patiare
979 650 1076 731 tioqia

308 733 376 799 Non
387 735 560 816 desperetis
576 751 642 798 noa
653 750 820 798 marmure
831 756 885 802 uos
895 734 1079 800 macalciisi

192 818 307 882 Omnia
328 817 406 883 haec
430 817 576 900 exempla
595 818 720 881 omissis
735 817 910 884 levioribus
925 818 1074 904 plurimis

104 923 144 966 ex
177 924 241 967 una
269 901 441 986 eademque
476 905 568 985 parte
603 901 755 966 carminis
789 902 958 987 desumpta
986 907 1072 984 sunt,

105 1007 164 1051 nec
185 988 292 1052 minus
313 988 452 1052 refertae
471 986 615 1070 reliquae
634 989 753 1069 partes.
788 986 838 1050 Ad
854 988 915 1052 hoc
930 986 1073 1052 studium

104 1071 264 1136 Thiofridi
291 1072 542 1152 labdacismum,
571 1070 816 1153 rhotacismum,
846 1072 1074 1156 mytacismum

101 1155 227 1240 aliaque
250 1157 393 1220 eiusdem
414 1156 541 1303 {oneris
569 1154 752 1219 cumulandi
776 1156 874 1221 etiam
895 1157 975 1221 illud
992 1156 1073 1221 refe·

103 1243 238 1305 rendum
261 1244 326 1322 est,
350 1262 413 1324 quo
457 1239 642 1323 saepissime
655 1241 699 1303 'in
721 1239 839 1306 eisdem
856 1242 1000 1306 versibus
1018 1262 1071 1306 vo-

103 1325 219 1389 cabula
247 1347 286 1389 cx
315 1325 426 1389 eadem
453 1323 558 1389 radice
595 1324 733 1392 oriunda
766 1325 829 1390 sibi
862 1330 1072 1411 opponuntur

118 1414 156 1474 ut
183 1407 232 1474 ΠΙ
256 1409 317 1474 123
343 1412 431 1474 accit
454 1429 578 1474 aoscme
619 1409 676 1474 131
705 1412 801 1492 provi
824 1413 970 1493 prociori
1011 1411 1073 1474 140

141 1496 245 1560 orricii
265 1495 456 1559 horrendum
481 1493 542 1558 145
564 1495 665 1559 tristis
685 1515 756 1559 cam
771 1496 856 1561 tristi
872 1494 934 1560 169
956 1497 1074 1561 mundo

103 1580 242 1645 mandas
265 1578 388 1662 aliaque
410 1578 594 1665 innumera)
626 1600 722 1662 saepe
745 1579 843 1643 etiam
866 1580 965 1644 verba
988 1579 1074 1643 simi-

104 1664 178 1728 liter
196 1663 346 1729 sonantia
365 1663 546 1748 iunguntur
568 1666 618 1744 (ut
639 1662 656 1726 Ι
677 1663 741 1727 228
760 1667 870 1745 portat
883 1667 1074 1746 -portam,

103 1748 120 1813 I
147 1748 212 1812 270
238 1767 306 1814 ooes
333 1787 374 1796 -
404 1753 543 1826 oceane,
573 1745 606 1810 II
635 1747 696 1811 713
723 1752 858 1812 sumeret
884 1784 926 1794 -
953 1767 1074 1830 eumen,

104 1832 169 1898 784
189 1834 273 1898 scaci
294 1870 335 1880 -
357 1833 531 1913 sentinam,
555 1830 643 1916 alia).

191 1919 336 2000 Apparet
356 1917 457 2002 igitur
468 1915 673 1980 Thiofridum
696 1915 730 1979 in
746 1914 825 1980 Vita
840 1915 974 1981 metrica
988 1938 1075 1982 com-

103 2001 254 2086 ponenda
273 2006 375 2067 artem
390 2003 468 2066 satis
483 2000 663 2065 mirabilem
678 2000 871 2084 exercuisse,
889 2023 961 2065 cum
977 2002 1076 2066 verba

105 2086 256 2156 carminis
278 2085 400 2170 triplici
421 2086 564 2170 vinculo,
587 2087 729 2151 numeris
744 2086 895 2169 antiquis,
918 2086 1075 2151 homoeo-

103 2171 243 2252 teleutiS,
266 2170 560 2255 allitterationibus,
589 2170 706 2255 ligaret
730 2170 786 2253 ita,
810 2173 848 2234 ut
873 2171 978 2235 oratio
1000 2191 1074 2234 vere

104 2257 214 2322 vincta
243 2256 399 2320 evaderet.
438 2254 527 2330 Quae
556 2276 608 2318 ars
638 2255 765 2318 etiamsi
793 2255 915 2320 nostris
944 2254 1075 2318 auribus

104 2340 212 2405 minus
234 2341 406 2423 probatur,
429 2338 509 2403 illud
530 2338 675 2422 profecto
691 2338 930 2404 concedendum
946 2339 1007 2403 erit
1020 2338 1075 2402 vix

104 2446 298 2510 quemquam
319 2425 404 2489 iuter
419 2422 578 2489 Thiofridi
593 2423 743 2507 aequales
758 2424 914 2507 extitisse,
931 2424 986 2508 qui
1002 2445 1075 2488 eum

104 2514 173 2591 arte
195 2509 328 2574 metrica
354 2530 421 2574 non
442 2509 538 2574 modo
561 2511 744 2592 superaret,
773 2509 828 2574 sed
856 2531 898 2574 ne
920 2513 1076 2592 aequaret

128 2595 247 2661 uidem.

104 2618 126 2680 q
190 2679 344 2743 Extremo
372 2678 441 2742 loco
469 2678 583 2742 horum
611 2677 865 2775 prolegomenon
887 2677 980 2741 nobis
1002 2698 1076 2760 pro·

103 2763 271 2849 posuimus
310 2762 348 2827 de
381 2763 517 2828 consilio
548 2767 581 2827 et
612 2763 764 2826 instituto
798 2761 896 2826 huius
926 2760 1077 2825 editionis

104 2869 277 2934 exponere.
1001 2862 1020 2891 ·

191 2932 345 3012 Postea,
398 2953 457 2997 uae
480 2953 577 3014 supra
599 2932 638 2995 de
660 2929 778 2995 codicis
803 2929 946 2994 Gothani
968 2930 1074 3013 pretio

104 3022 138 3084 et
160 3017 352 3084 auctoritate
405 3016 602 3100 'sseruimus,
631 3015 686 3079 vix
708 3018 774 3097 est,
804 3013 890 3098 quod
919 3031 957 3079 ex
981 3016 1076 3081 reseis

103 3103 212 3168 verbis
229 3097 379 3168 'dicamus
401 3121 461 3166 nos
482 3101 517 3165 in
538 3103 629 3165 textu
648 3099 743 3165 Vitae
765 3037 989 3165 constituendo
1012 3101 1075 3165 hoc

102 3188 187 3253 libro
209 3187 420 3253 fundamento
442 3206 517 3250 usos
540 3207 609 3249 esse
630 3185 727 3249 unico
751 3187 784 3249 et
805 3185 883 3250 solo.
926 3183 1013 3250 Nam
1040 3188 1077 3249 ut

104 3274 294 3338 omittamus
316 3271 441 3355 aliquot
462 3269 576 3336 calami
597 3270 723 3367 lapsus,
748 3270 879 3354 quibus,
908 3274 945 3333 ut
966 3268 1075 3333 nullus

104 3359 219 3442 utique
243 3356 360 3438 codex,
383 3357 430 3420 ita
451 3377 492 3420 ne
513 3355 568 3419 hic
590 3352 722 3438 qurdem
743 3359 856 3438 caret,
874 3371 1011 3446 erueres
1025 3368 1101 3406 sss-

103 3442 217 3508 nifesti
238 3444 274 3506 in
297 3463 335 3506 eo
356 3462 422 3507 nou
448 3439 667 3506 inveniuntur
689 3440 762 3506 nist
780 3454 968 3524 perpessu.
1009 3427 1132 3493 &tw-²⁵
