2370 3810
158 146 197 212 10
540 138 731 199 umorum

154 298 365 383 Prosequitur
385 297 537 380 lacrimis,
561 297 681 380 oculus,
712 320 802 363 mens
824 301 935 366 haeret
957 301 993 365 in
1020 303 1137 373 undis.

155 384 242 449 Dum
263 405 422 468 nusquam
445 382 551 446 sociae
573 384 677 448 cernit
697 384 843 449 tabulata
867 385 1011 469 carinae,

103 487 142 527 ²20
156 468 243 555 Stat,
267 468 343 554 quid
366 470 443 552 agat
465 467 503 530 de
526 488 569 549 se,
593 487 656 551 quo
679 471 795 552 vertat,
819 470 943 567 cogitat
964 471 1001 536 in
1027 494 1076 538 se.
1126 485 1130 492 '

156 553 227 638 Sed,
250 554 327 639 quid
342 553 527 636 eontigerit,
551 553 579 615 si
593 572 792 636 prompsero,
815 575 886 638 qu1s
901 555 984 620 mihi
999 557 1136 624 credit?

156 638 266 705 Credit
285 637 467 722 posteritas,
492 637 576 721 quod
598 637 697 702 tradit
718 637 804 703 avita
826 642 936 704 vetust
974 688 982 705 .

153 723 261 788 Instar
282 722 473 786 turicremas
495 742 607 785 saxum
629 722 717 787 videt
740 723 865 787 eminus
887 745 961 788 arae

154 807 369 891 Advolritque
391 805 485 887 mari,
508 806 592 870 celer
613 807 730 870 insiliit
751 808 843 890 quasi
865 809 951 872 nari.

101 911 140 951 aas
152 890 306 990 Navigat,
329 892 416 956 unda
436 891 524 955 levat
545 891 663 955 molem
684 912 744 956 nec
759 891 849 969 ferre
871 893 1003 976 refutat,
1122 943 1125 947 .

155 976 281 1061 llvehrt,
304 977 384 1041 haut
405 976 532 1061 mergit,
556 979 690 1041 naturae
711 977 822 1041 munia
843 977 964 1061 perdit:

152 1061 343 1148 Impositum
364 1061 491 1144 pondus
514 1063 621 1145 gestat
642 1061 713 1125 sine
734 1061 876 1145 pondere
898 1067 1034 1146 pontus,

153 1146 267 1211 Portet
287 1148 321 1210 in
344 1149 490 1229 optatum
512 1147 582 1210 sine
604 1146 732 1229 kymba,
755 1146 877 1230 remige
898 1151 1043 1230 portum.

154 1231 321 1296 Sustentat
341 1230 455 1312 liquidi
478 1229 540 1293 duo
563 1228 705 1314 pondera
726 1231 774 1295 vis
796 1231 958 1313 elementi,

103 1335 142 1374 aso
156 1315 311 1397 Pondere,
335 1315 406 1399 quis
428 1335 525 1378 unam
546 1314 618 1378 fixit
639 1320 756 1380 natura
777 1316 915 1379 ruinam.
1039 1361 1044 1367 ·

154 1399 230 1467 Non
252 1399 430 1466 mirabilius
452 1399 533 1482 pede
555 1400 693 1464 calcaret
713 1401 812 1464 maris
836 1406 951 1465 aestus.

155 1485 244 1550 Exiit
265 1486 299 1548 in
323 1484 409 1568 litus,
433 1485 527 1569 signo
551 1487 659 1568 stupet
680 1485 810 1569 hospita
831 1485 936 1567 tellus,

153 1570 277 1635 Indicio
301 1591 413 1634 saxum
436 1590 527 1634 secus
549 1574 599 1637 est
621 1569 724 1634 altare
746 1571 895 1635 locatum.

156 1657 300 1722 Ascensa
321 1655 396 1719 navi
419 1654 584 1720 deseendit
605 1654 645 1719 ad
668 1655 750 1720 ostia
772 1654 889 1738 Rheni,

107 1756 145 1796 2³⁵
158 1740 352 1822 Traiectum,
378 1740 535 1805 celebrem
557 1739 720 1805 Viltorum
742 1739 832 1804 venit
853 1740 888 1804 in
909 1739 1025 1804 urbem

154 1824 218 1889 Per
240 1846 274 1889 se
297 1825 469 1889 dotandum
492 1825 610 1888 summi
631 1825 742 1909 sponsi
763 1824 855 1907 quasi
878 1845 1034 1908 sponsam

155 1907 232 1974 Non
253 1909 317 1973 hoe
338 1909 496 1992 ingressu,
519 1907 573 1972 sed
596 1910 772 1991 posteriore
793 1930 950 1994 regressu.

155 1991 281 2076 Hospes
302 1993 330 2055 it
350 1992 404 2055 hio
427 2014 538 2077 exspes
560 2014 705 2057 sessurus
727 1998 833 2059 rector
855 1998 887 2058 et
908 1994 1033 2062 haeres.

155 2075 233 2142 Non
256 2077 362 2141 arrisit
385 2077 414 2140 ei
436 2080 570 2161 tempus,
594 2077 685 2142 loeus
707 2078 910 2143 aedificandi:

102 2179 141 2220 240
156 2162 266 2228 Saevit
286 2162 332 2227 ibi
354 2162 440 2226 saevi
462 2165 634 2247 tempestas
657 2162 786 2228 turbida
807 2163 884 2229 belli

155 2246 318 2313 Rathbodi
340 2247 429 2312 rabie
451 2246 629 2313 Fresonum
651 2249 743 2333 genti
766 2248 961 2313 dominante.

156 2336 224 2397 Arx
246 2337 279 2398 et
299 2334 404 2417 prima
426 2334 476 2398 sui
498 2333 561 2398 fuit
582 2333 660 2398 haee
681 2333 758 2397 urbs
781 2333 870 2398 curia
891 2335 1000 2418 regni:

155 2416 219 2481 Hie
241 2417 345 2481 vetuit
365 2439 463 2481 naves
485 2418 596 2481 solitas
617 2418 834 2482 transmittere
856 2438 987 2497 merces,
1048 2428 1069 2486 f.
1078 2434 1125 2484 821

157 2500 216 2565 use
237 2500 299 2564 iter
321 2501 381 2565 hac
395 2501 506 2584 -bellis,
529 2502 618 2585 viget
640 2502 691 2566 hie
713 2523 792 2587 gens
814 2505 908 2568 torva
929 2503 1071 2586 rebellia,

103 2603 141 2644 aa
156 2583 218 2648 Hie
240 2584 274 2648 iu
298 2585 439 2649 confines
461 2589 571 2650 suetus
593 2589 810 2652 transcurrere
831 2588 923 2652 miles

153 2669 312 2734 Praetulit
333 2691 422 2734 arma
443 2673 539 2755 togae
561 2671 698 2754 praedae
720 2693 891 2738 succensus
914 2693 1032 2738 amore.

155 2753 247 2834 Pacis
268 2756 394 2841 legatus
416 2755 554 2821 discordi
576 2756 704 2821 turbine
726 2761 831 2822 motus

152 2839 276 2905 Infidae
298 2843 388 2926 genti
411 2841 563 2906 subduxit
584 2846 744 2926 spermata
766 2842 866 2925 verbi,

155 2923 311 2990 Discessit
332 2930 472 2992 maestus
495 2926 565 2990 sine
587 2925 749 2991 maestitia
770 2927 943 2991 rediturus.

102 3026 141 3068 rao
155 3008 283 3091 Tendit,
306 3011 362 3073 ubi
383 3012 467 3076 latos
489 3010 643 3075 distendit
663 3010 800 3076 Francia
827 3033 966 3096 campos,

221 3165 271 3216 218
296 3159 378 3214 heret
407 3161 465 3216 GT
540 3168 588 3217 221
617 3179 760 3233 promsero
789 3166 847 3219 GT
920 3169 971 3218 228
997 3164 1076 3219 haud
1100 3166 1125 3220 T

152 3228 380 3285 arsinoeum
399 3228 425 3282 θ
462 3229 561 3285 kimba
579 3231 621 3284 G·
677 3236 727 3285 282
752 3231 837 3288 tellas
856 3232 882 3286 T
951 3236 1004 3287 284
1028 3232 1123 3289 hostia

152 3294 232 3351 rehni
345 3301 395 3351 288
412 3296 538 3353 heresT
605 3304 655 3353 289
673 3298 867 3355 edificandil'
933 3305 983 3355 240
1001 3301 1122 3356 serit-

152 3365 211 3420 seri
228 3362 255 3418 Τ
312 3369 363 3418 246
381 3364 578 3421 inconfinesG
638 3371 688 3421 246
706 3367 827 3424 Protulit
845 3366 905 3423 GT
937 3367 1044 3438 predae
1064 3369 1124 3425 GT

152 3437 202 3488 249
219 3433 325 3488 mestus
344 3463 376 3472 -
394 3432 522 3488 mesticia
541 3434 599 3489 GT
