2324 3832
161 177 205 240 44
552 171 744 230 amomum

163 329 236 395 Hoc
258 328 386 395 Alcwin
408 327 537 412 sapiens
559 326 651 390 Karli
673 327 759 410 sapit
778 325 1035 474 hdyperaspistes,

163 413 325 480 Insulsum
346 412 454 496 lepido
477 412 597 496 satagit
618 431 772 494 seponere
815 411 895 494 icto;

125 512 152 553 2⁵
166 496 228 564 Sed
252 520 324 564 cum
345 497 515 563 Maeonius
536 494 698 560 modicum
720 495 872 560 dormitet
892 493 1065 576 Homerus,

163 583 313 649 Intentus
336 582 433 648 variis
455 580 574 644 dormit
595 579 724 645 decurio
747 580 850 659 curis,

163 668 326 733 Praeterit
348 689 386 732 ex
407 665 498 729 miris
520 663 680 746 miranda,
703 663 861 747 stupenda
881 664 1061 749 stupendis.

164 751 297 816 Diducit
316 753 457 815 mentem
479 748 697 833 perplurima
718 748 933 834 deficientem,

164 834 356 900 Rhetorioos
377 835 473 900 flores
495 837 528 898 et
551 833 735 898 Aristotelis
757 833 839 918 legit
860 837 964 914 artes,

126 936 151 978 ³0
165 919 243 985 Alta
264 920 379 1004 quibus
402 918 516 1004 Magni
538 939 628 982 mens
649 918 729 982 arsit
751 917 859 983 dedito
881 918 992 999 Karli‚

163 1003 274 1086 Esset,
299 1005 384 1090 quod
405 1006 495 1068 tanto
517 1001 651 1088 dignum
673 1001 833 1086 proferret
853 1002 1001 1086 alumno,

163 1089 461 1154 Demonstrativum
483 1108 587 1172 genus
610 1085 879 1171 enthymemaque
900 1108 1044 1152 curvum.

166 1172 334 1239 Scribendi
358 1171 523 1238 oacheotes
545 1172 673 1255 scriptis
695 1171 727 1235 di
775 1192 794 1235 a
815 1174 957 1236 tacentes

164 1257 271 1322 Ambo
294 1258 371 1321 licet
393 1260 534 1338 cessent,
556 1259 666 1320 tamen
689 1277 727 1320 or
748 1256 776 1320 is
797 1256 893 1340 signa
915 1260 1076 1342 recenset,

125 1357 151 1398 ³⁵
164 1340 276 1406 Patres
322 1361 381 1406 uae
403 1360 561 1405 memores
582 1340 717 1405 mittunt
738 1339 778 1404 ad
800 1341 1003 1425 posteriores.

164 1425 228 1491 Pro
250 1362 377 1490 forilrus
399 1424 512 1509 templi
533 1424 720 1508 pendebant
741 1425 871 1490 vincula
892 1425 970 1490 ferri
1030 1476 1032 1481 .

164 1509 227 1574 Per
248 1509 331 1573 tanti
354 1509 503 1574 meritum
525 1509 673 1574 manibus
696 1509 837 1575 resoluta
858 1530 1001 1592 reorum,

163 1593 354 1659 Pendebant
374 1596 485 1678 tritae,
509 1614 590 1677 quae
613 1593 794 1672 dissiluere,
819 1597 967 1678 catenae,

164 1678 301 1763 Esseda,
323 1678 471 1758 lecticae,
494 1678 632 1762 pilento,
654 1680 827 1763 petorrita,
850 1679 981 1760 raedae,

124 1780 151 1820 40
163 1763 214 1829 Ex
237 1785 310 1828 cera
331 1785 468 1847 mappae
489 1764 706 1829 membrorum
727 1763 844 1847 pollice
865 1766 997 1828 tractae.
1053 1771 1131 1828 tear

162 1847 238 1912 Non
260 1849 337 1932 iuga
357 1848 459 1912 mulla
479 1848 576 1912 boum
598 1852 730 1931 possent
751 1847 874 1913 deleme
895 1847 1044 1929 refixum,

164 1929 257 2006 Quod
278 1931 342 1996 fuit
362 1931 512 2013 affixum,
535 1935 586 1996 tot
607 1933 772 2017 signorum
793 1933 1038 2003 monimentum.

163 2014 286 2080 Visitat
306 2014 382 2078 inde
403 2015 509 2080 locum
532 2015 721 2099 Germania,
744 2015 852 2082 Gallia
875 2020 1023 2082 nostrum

163 2098 376 2164 Hebdomada
397 2099 513 2164 celebri
537 2099 692 2165 descensu
712 2101 895 2185 pneumatis
916 2100 989 2180 alti,

125 2199 152 2239 4⁶
166 2184 248 2250 Oum
293 2205 327 2249 er
370 2183 518 2249 usdrifidi
539 2189 757 2251 transcursum
780 2186 922 2250 confluat
942 2187 1030 2252 anni.

206 2206 310 2338 xxi.
328 2204 411 2368 ‚led
430 2290 492 2335 nos
507 2269 642 2355 digressi
656 2274 837 2369 repetemus
852 2274 968 2354 coepte
981 2271 1128 2358 regressi.

164 2354 204 2419 In
225 2355 353 2438 lychnis
375 2355 482 2420 oleum
503 2354 648 2438 pendens
669 2358 770 2440 patris
793 2360 870 2421 ante
891 2355 1074 2440 sepulcrum

163 2438 300 2504 Noctem
322 2438 456 2520 devicit,
485 2461 549 2503 nox
569 2439 601 2502 id
623 2440 748 2504 fuscare
770 2439 924 2524 nequivit.
1129 2450 1151 2499 ὑ

165 2520 248 2586 Solis
270 2523 305 2585 in
328 2522 493 2605 occubitu,
516 2522 612 2585 solari
632 2522 724 2587 fulsit
745 2524 780 2588 in
803 2528 893 2610 ortu,

126 2621 152 2661 ⁵0
164 2603 254 2671 Inter
275 2605 446 2669 missarum
468 2603 636 2670 sollemnia
657 2608 758 2672 crevit
779 2608 814 2673 in
836 2608 952 2692 ultum,

162 2687 338 2770 Ebullivit,
362 2688 496 2752 humum
518 2690 690 2755 madefecit
710 2693 856 2778 margine
878 2693 1002 2778 fusum3

161 2771 342 2858 Exceptum
364 2771 481 2857 phialis
503 2777 569 2858 est,
592 2775 742 2860 ampullis
764 2778 921 2864 hyalinis,

161 2856 224 2924 Est
244 2880 304 2943 pro
327 2856 438 2922 divina
461 2858 678 2942 dispensatum
700 2862 868 2928 medicina.

161 2940 230 3007 Nec
253 2942 407 3007 frustrata
427 2942 505 3008 fides
528 2947 592 3030 est,
616 2947 741 3012 morbos
764 2947 890 3032 expulit
911 2969 1035 3014 omnes.

230 3182 263 3232 23
293 3175 412 3254 Alouuin
439 3209 471 3218 —
497 3181 687 3250 yperaspistes
711 3181 769 3238 θΤ
860 3190 894 3239 25
919 3183 1048 3239 Meouius
1072 3179 1128 3237 GT

161 3249 194 3298 27
212 3243 337 3300 Preterrt
355 3244 413 3299 GT
479 3252 512 3302 33
530 3249 661 3304 cachetes
680 3249 738 3305 GT
809 3254 841 3306 38
859 3251 948 3308 tricae
968 3251 1027 3306 GT
1091 3253 1125 3304 39

161 3311 246 3367 redae
266 3312 324 3368 of
401 3318 435 3366 44
452 3313 619 3371 Ebdomado
638 3317 696 3372 of
766 3323 800 3372 46
818 3319 965 3388 caeptsd‘
999 3319 1084 3389 cepta
1101 3315 1127 3368 Τ

160 3385 193 3434 47
212 3396 241 3436 se
261 3380 391 3434 ulchrum
411 3381 437 3435 G
504 3388 538 3438 50
556 3386 713 3454 solempnia
732 3384 789 3441 GT
856 3392 888 3442 52
906 3381 1125 3458 Excaeptumfi‘

149 3447 218 3517 phy
289 3478 322 3488 -
337 3448 451 3518 ,solymis
470 3449 528 3505 GT
