2370 3810
106 167 201 218 xv111
448 147 734 205 PROLEGOMENA.

107 304 143 372 in
165 305 332 388 poetarum
354 301 553 386 aliorumque
569 302 762 385 scriptorum
777 301 951 366 latinorum
966 301 1077 367 libris:

106 388 139 453 id
161 387 246 471 quod
268 408 334 452 non
357 388 462 453 solum
483 386 647 470 frequenti
668 386 850 451 imitatione
873 407 993 469 eorum,
1018 387 1077 451 sed

104 473 201 537 etiam
221 472 327 537 verbis
350 493 461 538 eorum
483 474 540 536 aut
560 470 644 535 nihil
666 474 722 536 aut
743 470 923 555 paullulum
938 472 1087 542 mutatis,

105 559 140 622 in
162 561 286 622 textum
303 555 396 621 Vitae
419 557 569 620 metricae
590 556 726 639 receptis
748 556 902 639 proditur.
947 555 1078 621 Horum

103 643 246 708 omnium
279 640 434 706 latissime
466 643 556 724 patet
586 640 742 725 Vergilii,
777 640 912 719 Lucani,
944 639 1075 705 Horatii

102 727 252 810 imitatio,
280 725 424 809 parcius,
457 724 512 789 sed
540 725 603 806 ita,
636 729 673 789 ut
700 725 845 795 dubitare
871 748 938 790 non
966 724 1075 809 liceat,

84 809 303 896 iuvenalem,
327 810 489 892 Persium,
513 809 679 875 Sedulium
701 810 860 894 sequitur,
882 810 1077 875 imitationis

104 895 283 962 Ovidianae
305 893 462 960 nonnulla
483 894 612 979 quidem
634 895 717 959 vesti
742 896 772 958 ia
802 894 985 977 offendunt,
1013 916 1076 960 nec

103 1001 179 1046 vero
202 1002 240 1046 ea
260 983 329 1045 tam
350 983 476 1065 aperta,
499 982 536 1044 ut
558 981 598 1043 ad
620 1001 693 1045 eum
731 1001 748 1044 e
771 979 907 1044 consilio
925 1001 958 1044 se
973 980 1077 1063 appli-

103 1087 192 1132 casse
213 1065 385 1130 verisimile
407 1065 458 1130 sit.
492 1063 596 1131 Servii
618 1064 883 1129 commentarium
898 1065 933 1128 in
948 1063 1076 1149 Vergil.

107 1154 189 1216 Aen.
213 1150 292 1234 quin
313 1152 389 1214 ante
416 1149 525 1214 oculos
552 1149 701 1214 habuerit
728 1147 844 1222 1460,
873 1147 1075 1214 Mattianum

106 1234 270 1318 Capellam
303 1233 535 1317 compluribus,
558 1232 756 1316 Sallustium,
790 1232 960 1314 Iustinum,
995 1232 1077 1298 Boe·

101 1319 217 1402 thium,
240 1318 431 1383 Frontinum
447 1318 659 1403 gromaticam
674 1318 811 1402 singulis
827 1316 917 1400 locis,
933 1317 1076 1382 dubitari

106 1403 237 1468 omnino
264 1424 330 1467 non
358 1406 476 1487 potest.
513 1401 661 1467 Aliorum
683 1404 781 1467 etiam
803 1403 1010 1486 scriptorum,
1039 1406 1078 1468 ut

105 1487 278 1568 Ciceronis,
302 1485 373 1552 Silii
395 1486 512 1566 Italici,
528 1487 676 1569 Ausonii,
698 1487 760 1551 loci
781 1486 943 1551 interdum
965 1487 1076 1552 animo

104 1573 172 1637 eius
194 1572 355 1637 obversati
378 1593 447 1636 esse
470 1571 628 1636 videntur.
662 1571 802 1636 Graecos
824 1573 995 1656 scriptores
1017 1594 1077 1636 sua

105 1655 241 1723 lectione
256 1658 343 1741 ipsos
358 1657 504 1742 cognitos
519 1655 669 1721 habuerit
682 1677 795 1741 necne,
811 1656 957 1740 quamvis
972 1658 1078 1722 multa

104 1743 203 1807 verba
225 1762 340 1827 graeca
362 1742 505 1807 versibus
527 1741 593 1805 suis
614 1740 787 1806 inseruerit
808 1744 841 1806 et
862 1740 996 1805 Homeri
1017 1740 1076 1805 Ili·

106 1827 175 1891 adis
197 1830 231 1892 at
246 1826 407 1910 Odysseae
429 1826 625 1891 mentionem
647 1826 762 1909 faciet,
784 1824 963 1909 disceptare
986 1827 1076 1909 equi-

106 1914 178 1976 dem
200 1932 268 1975 non
290 1911 407 1974 ausim:
429 1932 489 1975 nec
510 1932 586 1975 vcro
609 1912 722 1995 negari
743 1910 865 1994 poterit
878 1931 951 1974 eum
967 1909 1077 1994 aliqua

108 2000 218 2060 tamen
249 1995 383 2060 scientia
411 1994 540 2080 linguae
571 2015 705 2079 graecae
737 1996 933 2060 instructum
965 1994 1076 2061 fuisse.

104 2079 178 2146 Huc
191 2101 258 2144 non
272 2079 363 2162 facit,
380 2078 465 2164 quod
481 2079 683 2163 proverbium
698 2100 851 2164 graecum
873 2076 951 2155 ὄνος
971 2079 1078 2160 λύρας

108 2163 398 2254 laudardiaca),
427 2163 546 2248 quippe
575 2164 662 2248 quod
693 2186 731 2228 ex
758 2163 919 2229 Martiano
942 2163 1078 2247 (lapella

108 2251 228 2317 discere
249 2251 393 2335 potuerit
414 2253 447 2314 et
469 2271 540 2315 meo
562 2249 691 2333 quidem
706 2248 822 2314 iudicio
839 2248 993 2325 didicerit,
1018 2249 1076 2313 mi-

102 2359 166 2402 nus
189 2337 284 2402 etiam
306 2356 502 2420 permagnus
524 2355 676 2398 numerus
692 2334 860 2399 verborum
875 2354 1075 2419 graecorum,

106 2421 221 2504 quibus
236 2441 366 2485 carmen
381 2441 475 2484 suum
491 2419 672 2500 exornavit,
694 2439 766 2483 cum
787 2420 939 2503 pleraque
962 2439 1073 2482 eorum

110 2502 195 2586 apud
217 2503 390 2587 scriptores
412 2503 548 2584 latinos,
577 2506 613 2567 ut
634 2505 713 2586 puta
735 2501 934 2581 Iuvenalem,
959 2503 1078 2586 reperi·

106 2591 218 2652 antur:
247 2587 303 2652 sed
328 2590 437 2652 tamen
464 2586 622 2652 nonnulla
649 2587 746 2652 verba
773 2607 889 2685 graeca
916 2589 950 2651 in
983 2587 1075 2652 libris

110 2672 219 2737 latinis
255 2692 323 2737 non
360 2672 508 2737 extantia
541 2670 626 2755 apud
663 2670 863 2737 Thiofrrdum
900 2670 1078 2751 offendunt,

107 2778 187 2841 quac
215 2755 300 2822 unde
329 2756 457 2821 haurire
485 2754 626 2840 potuerit
652 2756 715 2821 nisi
742 2759 799 2821 aut
825 2779 864 2820 ex
896 2757 970 2822 vira
998 2777 1076 2821 voce

107 2863 222 2926 graece
244 2841 412 2906 scientium
436 2845 493 2905 aut
515 2863 554 2905 ex
576 2841 705 2924 scriptis
727 2843 865 2927 graecis,
893 2864 960 2906 non
982 2841 1078 2905 intel-

110 2927 192 3012 lego.
229 2925 313 3001 Quid
328 2925 413 3010 quod
427 2944 506 3006 noys
520 2929 554 2989 et
567 2930 690 3008 stayros
704 2927 816 2991 scribit
830 2927 936 2991 verbis
951 2927 1077 3010 graecis

108 3015 190 3086 νοῦς
205 3013 238 3075 et
252 3009 397 3092 σταυρός
417 3009 458 3075 ad
477 3009 621 3075 litteram
640 3010 796 3077 redditis?
830 3010 913 3086 Quid
934 3010 1019 3095 quod
1041 3011 1078 3075 in

109 3094 285 3175 vocabulis,
308 3115 389 3178 quae
403 3097 481 3159 sunt
495 3095 652 3178 mallotes,
663 3097 856 3180 paracletus,
872 3097 1076 3178 anachoreta,

110 3180 300 3262 trasimenus
327 3178 474 3244 codicum
501 3180 661 3265 scriptura
687 3181 855 3262 ualitates,
879 3181 1077 3263 paraclytus,

109 3263 313 3348 anachorita,
334 3283 508 3349 apamenus
528 3264 826 3349 pronuntiationem
839 3265 927 3330 illam
943 3266 1078 3331 Graeco·

107 3369 177 3413 rum
207 3349 435 3430 recentiorum,
470 3371 551 3434 quae
579 3349 744 3414 itacismus
772 3353 923 3434 vocatur,
958 3351 1076 3436 prodit,

108 3454 179 3497 aum
188 3432 223 3498 in
235 3434 307 3499 aliis
314 3434 491 3522 plerisque,
503 3434 593 3499 velut
607 3434 768 3518 attractio,
779 3434 905 3519 athleta,
917 3436 1077 3519 mathois,
