2370 3810
449 179 731 241 PROLEGOMENA.
998 200 1075 249 xvn

107 335 173 400 334
187 356 236 418 sq.
256 354 332 417 pecs
374 334 438 399 350
451 355 500 417 sq.
523 335 620 417 steno.
658 369 694 381 -
725 332 800 398 Non
826 338 893 399 tam
916 334 1077 419 dictionis,

107 441 203 504 quam
221 419 377 484 orationis
393 420 443 483 est
456 417 537 482 illud
552 417 619 482 stili
633 440 747 503 genus,
771 418 855 502 quod
868 419 1079 503 narrationis,

107 507 146 568 ut
167 505 215 569 ita
237 503 353 584 dicam,
383 502 474 567 fflum
495 524 563 568 non
584 524 658 568 raro
680 503 887 587 interrumpit
910 502 1078 589 digressio-

107 589 214 670 nibus,
230 611 310 671 quas
325 587 518 672 aliquotiens
532 587 671 652 formula
685 587 806 652 reditus
821 589 859 651 ad
876 590 1077 672 propositum

107 695 165 758 seq
190 674 261 739 tur.
295 671 349 738 Sic
370 673 384 736 l
409 672 535 737 70-72
558 672 596 736 de
626 671 826 737 Willibrordi
853 675 985 737 nomin-e
1011 677 1076 738 tres

108 779 219 823 versus
240 758 368 840 inserit,
389 757 406 821 Ι
423 756 591 822 156-192
612 756 650 821 de
665 757 779 841 regula
793 757 983 823 monachica
997 759 1076 843 agit,

107 842 312 908 1431-461
336 842 375 906 de
396 843 499 926 portis
521 843 718 906 somniorum
740 842 880 907 eburnea
901 852 1077 921 eteorum,

109 925 142 990 11
168 926 294 992 28-36
321 926 360 991 de
387 928 520 991 nomine
550 925 601 989 On
626 925 744 1010 sudus,
776 926 809 990 ΙΙ
844 927 1008 992 ins-137
1039 928 1078 991 de

101 1010 217 1077 iudicii
240 1010 340 1076 divini
368 1011 555 1089 severitate,
584 946 625 1073 li
642 1010 809 1074 lar-202
837 1009 876 1074 de
898 1011 947 1074 ira
969 1011 1077 1075 coher-

109 1097 223 1179 cenda,
254 1096 285 1160 lI
312 1095 483 1160 649-680
511 1095 550 1158 de
578 1098 747 1158 stemmate
774 1093 1000 1178 Pippinorum‚
1029 1094 1077 1158 ΙΙΙ

106 1181 234 1244 21-45
263 1180 301 1244 de
329 1180 489 1263 prioribus
512 1178 606 1243 Vitae
630 1177 830 1243 Willibrordi
857 1180 1065 1264 scriptoribus

104 1264 157 1330 ΙΙΙ
179 1265 307 1328 81-94
339 1263 378 1327 de
411 1263 564 1328 miraculo
598 1263 639 1327 ab
667 1263 850 1348 Augustino
878 1265 1000 1346 relato,
1028 1229 1079 1329 lll

111 1347 278 1412 rsa-222
305 1347 343 1411 de
375 1347 604 1413 monachorum
632 1349 762 1413 nomine
790 1352 822 1413 et
849 1349 965 1413 officiis
1010 1370 1079 1414 rae·

106 1433 206 1497 missa
219 1431 450 1514 admonitione,
469 1455 509 1498 ne
525 1433 648 1499 furtum
671 1433 924 1513 committerent,
948 1371 1078 1499 niret

107 1517 210 1582 -281
233 1516 272 1582 de
293 1518 453 1602 corruptis
478 1518 678 1583 sacerdotum
700 1518 857 1598 moribus,
880 1518 926 1581 IV
947 1518 1075 1584 33-38

106 1603 144 1666 de
168 1601 272 1667 cordis
295 1603 428 1668 humani
455 1604 676 1686 perversitate,
692 1601 738 1666 IV
755 1602 903 1666 99-102
925 1602 964 1668 de
986 1603 1078 1667 fluxi·

107 1687 167 1751 bus
200 1688 342 1770 eorporis
371 1687 515 1751 humani.
570 1686 658 1760 Quae
689 1685 901 1770 digressiones
930 1708 1002 1750 cum
1036 1709 1075 1750 ex

106 1775 198 1854 parte
221 1771 267 1835 ita
289 1773 493 1853 comparatae
518 1770 598 1848 sint,
621 1773 657 1832 ut
680 1769 914 1834 admonitiones
936 1773 969 1835 et
990 1771 1076 1854 cogi·

106 1855 247 1918 tationes
270 1855 475 1936 contineant,
498 1852 583 1917 haud
606 1853 723 1937 exigua
737 1876 813 1937 pars
828 1875 938 1919 earum
953 1855 1076 1920 auctori

106 1939 308 2003 occasionem
324 1939 380 2002 dat
394 1937 559 2003 doctrinae
574 1959 651 2002 suae
666 1940 886 2004 ostentandae.
909 1938 953 2004 Et
967 1939 1075 2004 multi-

129 2023 182 2088 lici
206 2044 280 2087 eum
301 2023 493 2087 instructum
517 2021 618 2087 fuisse
641 2023 786 2087 doctrina
807 2045 878 2088 cum
894 2025 991 2088 ceteri
1006 2025 1074 2089 eius

105 2046 197 2189 iibri,
226 2111 296 2171 tum
316 2107 529 2191 potissimum.
543 2106 622 2172 Vita
647 2109 780 2173 metrica
808 2108 959 2174 ostendit.
1005 2107 1076 2184 Qua

107 2194 145 2261 de
174 2213 270 2257 causa
297 2213 364 2257 non
393 2191 534 2256 alienum
561 2191 689 2256 videtur
716 2214 735 2255 a
767 2193 933 2275 proposito
962 2196 1074 2256 nostro

105 2277 270 2423 {¹Pt‘tllle’
294 2277 409 2360 quibus
425 2274 539 2340 studiis
553 2276 652 2340 abbas
668 2275 917 2357 Epternacensis
931 2275 1075 2340 imbutus

121 2381 212 2428 uerr.
446 2393 449 2399 ·
1079 2390 1084 2402 ·

192 2446 299 2527 Atque
328 2464 399 2508 eum
426 2447 463 2508 ut
495 2443 602 2507 virum
634 2443 849 2507 monasticum
882 2444 1075 2526 scripturam

106 2550 229 2593 sacram
257 2529 386 2612 penitus
416 2529 577 2614 cognitam
604 2527 771 2610 habuisse,
801 2550 869 2593 non
893 2534 942 2593 est
949 2578 957 2610 ,
987 2529 1073 2612 quod

104 2613 267 2677 miremur.
306 2611 401 2678 Unde
424 2613 475 2696 fit,
498 2617 535 2676 ut
556 2612 730 2696 permultas
752 2634 802 2677 res
825 2617 882 2677 aut
905 2615 938 2676 in
956 2613 1074 2679 Vetere

104 2702 161 2762 aut
187 2698 222 2762 in
249 2697 345 2764 Novo
373 2696 579 2761 Testamenta
606 2701 753 2762 narratas
781 2697 907 2763 intexat
936 2699 1071 2762 carmini

104 2803 162 2846 suo
185 2787 217 2846 et
239 2783 415 2847 sententias
437 2781 547 2847 laudet
568 2784 601 2846 et
622 2781 729 2846 verbis
750 2782 785 2846 in
808 2781 950 2866 Vulgata
972 2782 1072 2846 inter-

103 2867 284 2951 pretatione
311 2866 414 2932 obviis
442 2869 560 2931 utatur.
605 2865 694 2930 Inter
722 2866 894 2949 scriptores
925 2864 1073 2930 ecclesia-

104 2951 201 3016 sticos
223 2973 296 3016 eum
319 2952 539 3037 Augustinum
561 2951 746 3035 cognovisse
770 2971 808 3014 ex
830 2951 1073 3016 narratiuncula

103 3035 152 3101 III
180 3037 218 3100 81
243 3057 258 3099 s
282 3057 311 3118 q.
347 3057 367 3098 a
412 3039 496 3116 aret,
525 3056 622 3118 quam
651 3056 689 3100 ex
718 3035 800 3100 libro
828 3036 1004 3121 Augustini
1033 3036 1072 3101 de

104 3121 235 3184 civitate
299 3119 328 3182 ei
359 3057 454 3183 {All
483 3119 502 3183 8
537 3119 596 3215 sub
630 3119 685 3186 fin.
719 3120 912 3205 desumpsit,
954 3142 1071 3205 operae

103 3210 211 3269 autem
235 3202 424 3288 Hieronymi
447 3203 687 3287 quaestionibus
709 3205 743 3268 in
768 3203 909 3270 Genesin
932 3209 1070 3270 navatae

103 3289 221 3353 indicio
260 3291 334 3353 sunt
371 3289 468 3353 verba
510 3287 661 3352 hebraica
697 3291 725 3355 is
764 3292 797 3354 et
837 3293 902 3356 isac
934 3289 962 3375 (l
1001 3289 1070 3374 59).

103 3372 207 3438 Multo
246 3377 352 3438 autem
392 3375 556 3454 maiorem,
596 3393 687 3455 quam
728 3374 763 3439 in
799 3378 927 3458 patrum
971 3373 1070 3438 eccle-

101 3458 302 3523 siasticorum
345 3459 505 3543 operibus,
551 3478 681 3542 operam
721 3458 893 3524 collocasse
935 3456 1063 3520 videtur

154 3567 267 3608 rniofuor
280 3568 330 3608 rita
343 3569 445 3610 Wllllbr
460 3573 524 3611 metr.
539 3568 574 3610 ea
588 3569 706 3619 Rossterg
866 3557 895 3608 *u
