2370 3810
92 167 135 233 30
481 163 672 220 rmorauu

92 319 155 385 Per
176 341 227 384 me
250 320 430 402 salventur,
453 324 510 384 tua
554 318 633 382 loria
654 317 900 402 magnificetur?

92 404 156 470 Vix
178 426 273 487 prece
295 405 389 470 finita
410 403 504 468 fluxit
526 340 709 468 dulcissima
730 402 878 488 lympha,

90 488 214 554 Elicuit
235 490 360 554 fontem
382 489 535 553 scatebris
557 509 645 553 nune
669 509 770 573 usque
793 490 983 556 scatentem.

92 574 277 641 Accurrunt
298 573 399 660 agiles
421 574 600 657 cedantque
623 573 710 637 sitim
732 573 896 656 sitientes,

39 677 78 717 sss
91 659 153 724 Est
175 660 319 724 extincta
342 659 427 735 sitis,
451 658 581 722 domino
604 658 679 722 data
700 657 833 722 victima
854 657 970 724 laudis.

92 743 219 809 Clarior
241 765 279 808 ex
303 743 388 808 claro
413 741 579 807 Wilbrord
602 747 664 824 est,
688 742 783 806 altior
804 743 887 824 alto,
1018 824 1022 829 Ι

93 828 180 893 Ante
203 829 269 893 suis
292 848 383 893 carus
406 827 588 892 carissimus
611 829 659 892 est
680 828 727 891 ibi
747 827 862 895 factus.
981 834 1002 891 f.
1014 832 1063 890 73

92 911 142 978 Ne
165 917 275 978 tamen
298 913 433 978 ulterius
454 916 590 977 torreret
612 933 666 976 eos
687 912 796 997 gravis
818 914 939 988 aestus,

91 997 280 1064 Hauserunt
303 998 430 1063 dulcem
452 1011 622 1082 secumque
644 997 746 1062 tulere
768 997 926 1081 liquorem

39 1101 77 1140 ³60
91 1082 166 1148 Non
190 1083 389 1164 diffidentes,
412 1083 467 1148 sed
490 1104 563 1147 eum
585 1103 700 1146 vexare
722 1081 881 1146 timentes.
1044 1085 1051 1090 “

132 1168 219 1237 xvl.
243 1167 425 1234 Succedunt
440 1167 528 1231 miris
544 1166 691 1231 miranda
706 1166 928 1251 stupendaque
944 1166 1062 1254 signis.

89 1252 242 1317 Intentus
266 1252 380 1316 studiis
403 1251 609 1335 caelestibus,
632 1252 755 1316 artibus
778 1251 886 1334 almis,

90 1335 279 1420 Numquam
302 1336 435 1417 defecit,
458 1357 525 1400 non
546 1340 643 1401 nocte
665 1337 779 1421 dieque
802 1337 939 1421 quievit,

93 1421 156 1486 Sed
180 1421 324 1486 triticum
346 1421 420 1485 fidei
442 1420 560 1505 populo
583 1421 671 1486 dedit
692 1422 853 1486 esurienti.

38 1522 78 1562 ³⁶5
92 1506 244 1590 Dumque
266 1506 385 1590 fugans
407 1510 544 1572 mortem
566 1506 721 1570 transiret
740 1527 798 1589 per
817 1506 1001 1590 regionem,

92 1590 269 1656 Occurrere
292 1592 351 1657 sibi
375 1590 594 1657 mendicantes
617 1591 754 1655 duodeni

92 1676 252 1761 Pauperie
274 1678 406 1759 maesti,
430 1677 520 1742 nullo
543 1675 702 1741 velamine
725 1675 803 1739 tecti

91 1760 135 1827 Ni
159 1763 404 1846 xerampeliniS,
427 1764 575 1827 conserto
596 1761 740 1844 tegmine
762 1759 874 1844 spinis.

91 1845 175 1921 Quid
199 1847 344 1911 faceret?
373 1867 437 1910 non
461 1867 514 1911 aes
536 1845 665 1924 habuit,
693 1866 793 1929 panes
816 1865 919 1929 neque
942 1850 1063 1913 vestes.

36 1945 75 1986 ³⁷0
89 1930 150 1994 Est
171 1952 228 1994 vas
253 1931 444 2013 vimineum,
466 1933 556 2014 patet
579 1934 649 1993 arta
670 1928 763 1994 fauce
785 1929 971 2009 rotundum,

89 2013 151 2079 Est
172 2014 211 2078 ad
235 2017 298 2080 iter
318 2018 463 2098 partum,
486 2015 540 2078 vix
561 2013 709 2079 heminae
733 2014 819 2098 capit
839 2014 1012 2099 haustum,

87 2097 158 2163 Hoc
180 2099 241 2164 sibi
264 2100 370 2164 delato
391 2099 493 2164 fessos
516 2099 645 2163 satiavit
665 2099 784 2166 iaccho.

1 2194 2 2200 ’
86 2183 162 2249 Non
185 2188 234 2249 est
257 2183 428 2250 exhaustus
451 2183 594 2249 modicus
617 2183 722 2267 liquor
744 2185 812 2263 ille,
835 2183 889 2248 scd
913 2188 1046 2268 auctus,

86 2268 217 2335 Effusas
239 2269 329 2336 velut
350 2271 477 2335 infusus
499 2269 572 2334 fluit
593 2269 667 2333 inde
689 2269 824 2333 refusus.

34 2371 73 2412 ars
86 2354 266 2420 Ebiberant
288 2360 321 2420 et
341 2357 539 2420 transierant
559 2354 780 2438 hymnumque
802 2352 977 2418 canebant:

86 2439 145 2504 Est
168 2461 223 2504 vas
246 2441 414 2505 inventum
436 2440 512 2502 vino
534 2439 623 2503 velut
646 2444 720 2502 ante
742 2438 908 2502 refertum.

86 2522 174 2599 Quae
197 2544 288 2586 mens
312 2523 486 2606 concipiat,
510 2544 592 2606 quae
615 2522 726 2608 lingua
748 2523 867 2588 diserta
889 2526 1033 2608 retexat,

87 2607 216 2683 Quanta
240 2607 291 2670 dei
312 2607 416 2690 pietas
438 2607 494 2689 sit,
518 2611 641 2692 quanta
664 2608 805 2692 benigna
829 2607 977 2672 voluntas
985 2658 995 2692 ,

86 2691 161 2756 Sola
184 2698 349 2756 creaturae
371 2692 471 2756 totius
495 2713 591 2757 causa
613 2693 784 2757 creandae!

32 2794 70 2834 ³80
83 2776 163 2841 Esse
185 2778 382 2841 voluntatem
407 2780 534 2842 constat
555 2799 662 2842 rerum
684 2779 890 2862 genetricem.

84 2860 233 2945 Optimus
257 2868 305 2927 est
322 2862 399 2927 deus
416 2863 537 2946 optima
552 2867 667 2926 cuncta
682 2863 794 2927 volens
810 2867 842 2926 et
856 2860 1053 2946 adimplens,

84 2948 200 3012 Omnia
223 2968 304 3030 quae
327 2948 446 3032 voluit,
469 2948 557 3012 canit
576 2952 616 3011 ut
637 2944 775 3031 psaltes,
797 2949 844 3011 ita
866 2946 958 3011 fecit:

82 3029 205 3114 Hylen,
229 3032 329 3108 ideas,
353 3033 493 3113 caelum,
516 3037 648 3111 terram,
673 3032 770 3096 maris
792 3033 895 3098 undas

150 3273 199 3323 354
218 3267 348 3321 sicienter
362 3267 388 3321 G
439 3274 489 3324 352
508 3270 647 3323 exstincta
661 3268 718 3322 GT
767 3275 815 3324 361
836 3269 1058 3325 SuccaeduntG

81 3339 131 3389 362
158 3334 307 3389 celestibus
335 3335 361 3389 Τ
444 3342 492 3391 377
524 3338 632 3391 eminae
661 3337 719 3391 GT
802 3343 852 3393 373
879 3338 971 3405 yacbo
999 3339 1061 3393 GT

81 3408 131 3456 373
153 3419 327 3472 ymnumque
347 3403 405 3458 GT
471 3409 521 3458 376
544 3404 623 3475 ante]
643 3405 755 3460 auteG
823 3411 873 3460 377
896 3405 1011 3460 deserta
1030 3406 1059 3461 Τ

76 3476 130 3524 379
146 3470 237 3526 tocius
256 3471 316 3528 GT
380 3477 430 3528 383
450 3471 523 3528 Ylen
535 3473 624 3542 ydeas
637 3472 694 3528 GT
729 3472 863 3527 celumT
