2370 3810
105 146 147 213 22
496 141 685 198 carcerum

106 298 176 364 Nec
198 319 299 378 mora,
322 318 496 363 concursus
517 298 564 375 fit,
587 297 679 361 adest
699 295 843 382 ignobile
864 296 997 382 vulgus,

105 383 269 451 Seditione
290 382 379 464 furit,
402 383 530 449 rabidas
551 386 676 446 mentes
697 382 788 447 furor
810 381 885 461 urit,

65 488 91 528 eo
105 468 272 534 Fulmineo
293 471 422 534 tantum
445 468 547 533 scelus
570 467 719 532 aestimat
740 466 816 550 igne
837 465 999 550 piandum
1076 551 1079 555 ,

103 553 292 638 Ultoresque
314 553 389 618 deos
411 553 446 617 in
469 551 645 617 vindiciam
668 550 849 620 stimulatos

102 638 205 704 Nocte
228 642 330 703 satam
353 636 474 723 Stygiis
496 636 623 701 Allecto
646 635 762 703 ducere
785 636 866 734 ripis

103 722 274 808 Anguibus
297 720 436 803 intortis,
459 725 496 785 ut
515 719 597 786 ludit
619 743 710 787 musa
732 720 890 786 Maroms.

102 807 163 874 Sed
187 829 260 872 cum
281 807 330 872 nil
352 807 445 889 laedi,
468 806 515 871 nil
538 807 641 871 cernit
662 807 753 870 triste
775 806 892 888 timeri,

62 911 87 950 er
102 890 167 958 Vix
188 914 222 957 se
246 892 414 975 continuit,
437 913 504 956 non
526 892 631 974 irruit,
655 891 702 955 ira
724 891 856 975 quievit.

100 977 199 1043 Fama
220 981 344 1054 tamen,
367 980 563 1057 monstrum,
587 997 650 1061 quo
673 997 740 1040 non
763 977 926 1060 pernicius
950 979 1075 1063 ullum,

101 1062 280 1127 Mobilitate
302 1063 424 1147 vigens,
446 1062 530 1127 vires
552 1061 588 1126 in
609 1059 714 1125 eundo
736 1061 912 1145 requirens,
1054 1087 1057 1091 ·

100 1146 189 1223 Quae
210 1168 279 1211 non
300 1151 377 1211 sunt
398 1147 534 1231 fingens,
557 1145 641 1211 veris
663 1145 830 1211 mendacia
852 1146 1000 1234 miscens,

101 1231 198 1295 Fama
221 1232 398 1317 Giganteae
421 1231 540 1314 stirpis,
564 1230 663 1314 furor,
686 1230 766 1296 ultio
789 1233 903 1309 terrae,

50 1334 88 1374 roo
102 1314 185 1381 Sunt
208 1317 260 1380 cui
281 1320 331 1381 tot
353 1314 495 1399 linguae,
519 1319 598 1400 quot
619 1317 751 1380 suntin
774 1336 906 1399 corpore
927 1318 1076 1407 plumae,

101 1399 184 1465 Sunt
205 1401 291 1466 oculi
314 1398 427 1484 vigiles
449 1400 593 1477 totidem,
617 1403 668 1465 tot
689 1400 828 1484 subrigit
848 1423 954 1484 aures,

101 1483 221 1550 Cursus
243 1484 416 1550 terrificam
439 1485 609 1569 detorquet
629 1486 716 1569 regis
738 1487 772 1549 in
794 1484 912 1569 aulam,

102 1568 259 1634 Accendit
279 1569 424 1635 flammas
446 1571 557 1650 menti,
580 1577 697 1653 movet,
721 1574 856 1656 aggerat
877 1571 954 1652 iras,

101 1653 319 1742 Divulgatque
340 1655 444 1721 virum
467 1655 592 1719 venisse
614 1655 675 1719 diis
697 1656 873 1735 inimicum,

50 1738 236 1806 1050001010
258 1742 363 1825 regni,
387 1739 572 1805 suadentem
596 1742 732 1805 numina
753 1741 871 1823 sperni.
990 1751 1011 1807 f.
1026 1759 1076 1809 69‘

100 1824 216 1889 Famae
238 1847 295 1889 rex
318 1824 427 1907 credit,
449 1824 567 1902 fremit,
590 1823 771 1909 indignatio
793 1826 903 1909 crevit,

100 1909 205 1973 Frena
225 1913 334 1975 tamen
357 1910 479 1974 calidae
500 1930 567 1974 non
589 1908 678 1973 laxat
699 1910 844 1975 cursibus
866 1911 941 1976 irae.

99 1993 262 2057 Primores
284 1993 397 2077 populi
419 1993 509 2058 iubet
529 1993 617 2057 intra
639 1994 725 2058 tecta
746 1996 867 2078 vocari3

101 2079 234 2155 Assunt,
257 2079 293 2142 in
314 2077 396 2142 solio
420 2077 542 2143 medius
565 2078 711 2143 consedit
732 2081 830 2158 avito,

48 2179 87 2219 110
101 2162 233 2238 Quaerit
256 2162 437 2247 consilium,
461 2163 596 2248 quaerit,
620 2163 683 2229 sibi
705 2163 782 2248 quid
805 2163 848 2229 sit
870 2165 1048 2250 agendum.

102 2248 237 2314 Decreto
259 2270 428 2333 procerum
450 2249 593 2314 decernit
614 2254 700 2314 sorte
722 2248 936 2335 probandum,

100 2331 200 2409 Quem
222 2335 355 2400 iubeant
376 2356 487 2400 saevas
511 2338 635 2399 sontem
658 2334 691 2398 di
713 2336 852 2419 pendere
873 2357 1007 2419 poenas.

99 2418 161 2483 'Per
182 2420 285 2484 tribus
308 2423 357 2482 est
378 2419 501 2483 vicibus
523 2421 625 2483 ternis
646 2441 716 2484 sors
737 2420 835 2485 missa
856 2419 976 2501 diebus,

99 2502 161 2567 Sed
186 2503 269 2566 vitae
292 2523 421 2566 consors
443 2503 563 2567 mansit
585 2503 778 2569 discriminis
801 2525 920 2587 exsors,

47 2602 85 2642 11⁵
99 2586 173 2652 Sors
188 2608 256 2651 non
270 2584 379 2670 prodit
393 2608 476 2665 eum,
495 2593 604 2652 tamen
625 2587 659 2651 in
676 2589 828 2655 comitum
848 2591 935 2655 cadit
955 2614 1068 2675 unum,

99 2670 206 2737 Unum
228 2671 376 2755 martyrii
398 2671 546 2737 meritum
568 2673 676 2757 palma
697 2675 852 2740 decorari.

96 2755 159 2822 Sed
180 2755 256 2841 quid
278 2756 486 2840 censendum,
512 2757 588 2843 quid
616 2759 651 2822 in
675 2757 736 2823 hac
756 2781 791 2823 re
814 2760 1067 2829 coniciendum?

96 2840 139 2906 Ni
162 2840 361 2926 deliquisset,
383 2864 451 2907 non
474 2864 543 2907 sors
565 2844 600 2908 in
622 2865 696 2908 eum
718 2844 893 2909 cecidisset.

97 2927 268 2991 Contraxit
289 2949 426 2992 naevum
449 2927 593 2993 stillante
615 2949 726 2993 cruore
748 2929 958 2994 medendum:

46 3010 136 3073 1²01n
158 3010 255 3076 situla
277 3013 400 3096 primus
421 3012 498 3077 tulit
519 3034 593 3078 aera
614 3013 762 3096 cupidine
784 3018 901 3080 tactus.

162 3167 197 3215 94
213 3161 315 3217 lediT
382 3169 415 3218 07
431 3166 461 3217 in
483 3181 532 3219 ens
550 3164 576 3218 T
642 3169 674 3220 98
693 3163 886 3222 mendatiaG
955 3173 988 3223 99
1008 3168 1066 3239 Gy-

95 3229 215 3296 ganteae
235 3229 261 3284 G
279 3182 483 3303 Gygantiael’
539 3239 586 3286 102
606 3231 708 3287 Currus
728 3231 786 3286 Gr
842 3241 890 3290 103
908 3250 945 3304 ag
967 3238 1023 3291 erit
1042 3237 1069 3293 T

98 3302 145 3350 110
167 3295 266 3361 Querrt
288 3328 320 3337 -
344 3299 437 3366 querit
466 3299 492 3353 T
568 3307 616 3354 112
645 3316 725 3354 sevae
754 3299 812 3355 GT
855 3251 1012 3373 dipendore
1042 3305 1069 3361 T

94 3379 181 3431 penas
209 3364 268 3419 GT
344 3372 391 3420 114
418 3368 578 3422 discrimine
603 3367 629 3421 Τ
706 3374 753 3422 117
778 3369 1070 3437 connumeratis,

98 3436 143 3487 119
161 3448 262 3488 nevum
281 3433 308 3487 Τ
376 3441 423 3490 120
442 3451 490 3490 era
508 3435 567 3490 GT
