2370 3810
443 199 726 257 Pnonuuouunn.
1032 220 1070 267 xl

103 355 234 420 sinistro
255 354 375 420 librum
397 353 556 438 gerentis,
581 353 744 420 dexteram
758 356 799 420 cd
815 355 1070 421 benedicendum

103 445 179 506 ante
195 442 309 524 pectus
323 438 478 523 tenentis,
501 459 574 503 oum
587 440 816 524 inscriptione:
837 439 935 506 Brun
949 441 1068 507 aretio

98 523 1070 692 uutnstttuttttrettuusu

102 695 218 759 arictes
247 691 482 773 Ettemaeenscs
509 693 651 758 caenobii
677 694 798 760 nutius
825 695 972 760 momenti
992 714 1069 777 ppu—

103 797 215 844 mmus
242 777 427 860 VVu'ofridrrs
452 781 513 842 eto.
545 799 647 862 usque
673 778 713 842 sd
742 777 766 856 ἱ
799 778 873 843 149Γ
900 778 983 842 med.
1027 815 1069 827 -

104 861 138 949 lc)
151 860 176 925 f.
194 860 266 926 149Γ
278 861 361 926 med.
376 861 388 925 l
432 861 496 926 'tur
510 882 607 927 manu
623 862 741 927 saeculi
755 861 821 926 XII
835 864 879 927 iu.
897 863 1069 947 descriptio

103 945 288 1011 redituum!
303 945 394 1011 Haeo
445 945 603 1010 silendus.
620 946 808 1011 Ludewicus
820 950 927 1011 autem
934 947 1069 1011 Pertsoh

104 1030 142 1095 de
163 1034 279 1095 ornatu
285 1077 295 1114 ,
318 1052 382 1114 quo
398 1029 476 1096 Vite
498 1031 633 1095 metrico
653 1030 811 1094 instructa
833 1035 895 1110 est,
918 1032 998 1096 haec
1012 1051 1070 1114 per

102 1115 225 1180 litteras
251 1136 378 1179 mecum
406 1115 664 1180 communicavit.
702 1113 776 1179 Duo
804 1137 914 1180 versus
941 1114 1069 1200 prologi

101 1190 243 1264 initiales'
255 1199 413 1282 Prolopus
426 1201 462 1264 in
476 1201 590 1264 vitam.
657 1202 689 1263 et
699 1199 776 1264 Non
789 1201 865 1265 salit
878 1202 999 1284 ingenii
1007 1247 1014 1264 .
1024 1249 1031 1264 .
1041 1247 1068 1265 ..

100 1284 124 1350 f.
147 1285 202 1349 57¹
220 1284 325 1348 aureis
345 1284 462 1347 litteris
480 1283 661 1349 maiusculis
677 1285 711 1349 in
727 1305 840 1368 compo
856 1285 969 1365 rubro,
991 1305 1071 1349 auro

102 1369 336 1452 circumsaepto
361 1368 470 1452 scripti
498 1370 581 1435 sunt.
618 1367 741 1434 Littera
767 1369 902 1434 initialis
923 1370 964 1434 N
981 1370 1068 1434 vocis

102 1452 179 1518 Non
200 1453 457 1537 splendidissime
478 1453 565 1537 picta
579 1456 629 1518 est
643 1454 805 1519 coloribus
820 1475 935 1537 aureo,
958 1455 1067 1537 rubro,

101 1537 261 1615 caeruleo,
285 1538 368 1601 albo.
407 1535 612 1620 Splendidius
634 1540 730 1603 etiam
746 1540 853 1603 ornati
875 1542 952 1604 suut
967 1539 1069 1622 ipsius

101 1620 198 1687 Vitae
220 1622 282 1686 duo
296 1622 426 1770 priores
447 1642 559 1722 versus
580 1626 684 1688 totam
705 1623 859 1722 paginsrn
880 1626 1067 1723 sequentem

101 1707 289 1856 ttlfltt
314 1707 632 1887 ξῖἕέαήῖέᾚῗεέὲ
649 1711 690 1855 t
706 1707 1069 1855 tilltttttc

101 1878 158 1940 cst.
198 1874 320 1939 Versus
342 1895 431 1958 prror
443 1879 509 1938 tres
524 1874 627 1939 lineos
641 1875 676 1938 in
691 1873 789 1939 rubro
805 1896 918 1959 campo
934 1877 1068 1958 scriptas

101 1964 134 2025 st
161 1958 257 2023 viridi
284 1959 430 2044 margine
459 1959 669 2024 circumdatus
698 1959 928 2044 complectitur.
965 1958 1068 2024 Verbi

103 2043 287 2128 Quadriptdi
313 2043 421 2107 littera
447 2043 582 2109 initialis
610 2043 638 2125 Q
661 2044 779 2110 eisdem
801 2045 959 2110 coloribus
980 2046 1068 2128 picta

101 2131 163 2208 est,
186 2129 303 2213 quibus
325 2127 405 2192 illud
426 2128 478 2211 N,
509 2129 547 2194 de
573 2151 638 2213 quo
664 2128 774 2214 paullo
797 2129 1067 2213 supradiximus,

104 2212 268 2298 caudaque
304 2212 372 2276 eius
410 2213 568 2278 crocodilo
606 2234 702 2278 aureo
739 2214 895 2297 efficitur,
925 2213 1068 2296 reliquae

100 2298 228 2364 litterae
257 2318 369 2362 omnes
397 2296 592 2361 maiusculoe
627 2317 704 2360 suro
736 2297 851 2380 pictae.
894 2296 1066 2362 Librorum

100 2381 144 2448 11.
177 2381 236 2448 ΠΙ.
271 2380 319 2446 IV
351 2379 453 2445 tituli:
492 2380 614 2463 Incipit
645 2381 723 2446 liber
755 2380 882 2449 ΙΙ....
914 2380 1065 2450 ΙΙΙ....

100 2466 162 2533 IV
180 2488 253 2532 oum
280 2466 418 2552 singulis
446 2486 557 2530 eorum
586 2465 730 2530 versibus
752 2464 932 2531 initialibus
954 2467 1066 2532 eodem

99 2551 195 2617 modo
230 2555 326 2636 utque
358 2551 392 2615 in
425 2549 561 2636 prologo
594 2551 700 2616 ornati
732 2554 818 2616 sunt.
860 2589 903 2599 -
946 2551 1067 2618 Versus

100 2636 253 2702 carminis
267 2657 378 2700 omnes
392 2635 427 2700 in
438 2636 547 2700 fronte
562 2636 685 2701 habent
698 2635 822 2700 litteras
836 2657 950 2701 aureas
964 2637 1066 2701 mniu-

98 2720 213 2787 sculss.
253 2720 403 2786 Ceterum
432 2721 541 2786 omnia
569 2721 668 2786 verbs
689 2740 763 2785 curn
784 2720 916 2785 nomina
937 2721 1067 2804 propria

98 2810 170 2872 turn
193 2805 390 2891 appellative
404 2806 581 2890 aequaliter
596 2805 785 2871 minusculis
800 2805 918 2870 litteris
937 2805 1066 2890 scripta,

100 2898 260 2975 quotenus
281 2912 348 2956 non
369 2891 405 2956 in
432 2912 582 2956 versuum
603 2891 698 2956 initio
722 2890 828 2955 locum
850 2888 985 2967 habent,
1013 2910 1067 2954 ex·

99 2976 202 3060 ceptis
217 2976 402 3041 nominibus
422 2975 588 3041 Willrrord
602 2972 862 3123 (Willtbrordccg
877 2977 909 3039 et
925 2972 1064 3056 titfrid,

100 3081 237 3143 quorum
251 3059 378 3125 litterae
392 3059 502 3143 paullo
518 3059 658 3124 altiores.
692 3058 835 3143 Compen
859 3058 941 3124 isin
957 3059 1066 3124 codiee

99 3144 245 3209 adhibita
267 3143 461 3228 paucissima
482 3147 579 3227 atquo
601 3163 640 3207 eo
661 3143 891 3228 vulgatissima.
931 3165 938 3178 ·

121 3431 127 3443 ¹
170 3362 196 3433 *l
215 3363 260 3417 Ad
276 3363 351 3418 hunc
368 3363 461 3418 locum
480 3361 645 3418 Weilandus
663 3364 793 3419 annotat:
815 3362 981 3441 Notandum
998 3361 1066 3415 ima.

98 3429 709 3568 {fnogfffflgrglgffizreepfflfilgzasssssse
722 3432 752 3485 et
762 3431 930 3499 praesertim
942 3428 1066 3483 colorum
