2370 3810
298 139 388 194 VITA
399 139 651 197 WILLIBROBDI
667 141 838 198 nauales.
861 141 928 202 LIB.
941 143 963 200 Ι.
1091 145 1113 211 5
1166 137 1170 141 ’

145 292 346 359 Fecundabit
367 315 463 380 agros
485 293 602 358 erroris
624 298 772 359 caumate
791 293 902 378 siccae,

147 376 193 443 Ut
214 382 285 451 sata
306 380 393 444 sicca
415 379 468 443 die
488 377 641 444 fecundat
662 379 789 444 roscida
808 378 962 445 Phoebe)

185 461 230 526 Il.
249 462 379 528 ·Tantis
400 463 560 561 responsis
582 484 621 527 ex
645 463 727 528 vatis
748 467 881 548 pectere
900 466 1062 550 promptis

146 545 238 612 ‘Issa’
252 585 294 595 -
306 547 392 631 quod
408 551 474 613 exit
488 548 529 612 ab
545 548 596 612 ‘is’
609 584 650 596 --
661 547 758 613 rediit
772 569 829 633 spe
842 550 987 632 praescia
1001 550 1111 636 prolis,

107 652 132 690 co
145 631 262 710 Prolis,
287 653 383 716 quam
404 631 514 697 mundi
536 631 638 719 gessit
658 632 809 717 paritura
826 633 934 698 661666

145 715 299 800 Explevit
319 738 486 782 numerum
508 716 619 802 genesi
640 718 766 783 ratione
790 720 956 783 statutum·

147 801 195 864 Ac
217 802 341 885 peperit
362 801 517 886 subolem,
540 801 640 866 cosmi
660 802 761 866 totius
782 801 952 867 honorem.

145 883 436 951 Inmarcescibilem
457 885 611 970 produxit
631 886 759 970 uirgula
782 885 903 965 florem,

145 967 250 1034 Solem
270 971 471 1054 praeclarum
493 969 661 1055 suspendit
683 969 723 1033 ad
744 970 845 1034 ubera
865 974 987 1041 natum.

104 1077 129 1117 aa
143 1052 309 1120 Exultavit
331 1077 442 1135 ovans,
466 1058 503 1119 ut
525 1058 601 1120 ovat
622 1054 818 1152 quicumque
837 1055 1031 1138 triumphat,

140 1137 217 1204 Non
238 1138 303 1203 iam
324 1160 493 1223 pressurae
515 1139 665 1204 meminit
683 1159 791 1204 carnis
810 1140 987 1225 geniturae,

140 1221 180 1286 In
202 1224 326 1306 gremio
348 1223 441 1304 fovit,
465 1223 556 1289 cuius
575 1224 749 1308 praeconia
769 1224 871 1308 norit,

142 1306 243 1371 ‘Pane
265 1307 455 1373 voluntatis’
477 1311 650 1393 sumptum,
672 1329 737 1373 non
759 1311 854 1393 ‘pane
878 1309 1022 1374 delcrie’.

142 1389 271 1457 Nomen
293 1391 480 1458 Wilbrordo
502 1392 557 1457 dat
579 1394 663 1459 ritae
684 1393 778 1458 fonte
800 1397 923 1459 renato.

103 1501 129 1540 ro
141 1474 227 1541 Nam
251 1498 324 1541 cum
345 1477 527 1543 teutonicae
547 1479 590 1542 sit
603 1478 657 1543 sic
678 1478 799 1543 idioma
822 1479 979 1562 loquelae,

141 1560 252 1625 Prima
274 1562 483 1644 voluntatem,
507 1566 603 1628 sonat
623 1563 741 1628 ultima
760 1563 884 1647 syllaba
903 1585 1030 1646 panem,

141 1644 265 1710 Littera
286 1647 313 1710 ei
335 1648 427 1712 cedat
449 1648 538 1712 canis
560 1651 593 1712 et
614 1647 815 1731 paenultima
834 1646 972 1730 linquat

141 1728 207 1793 Mel
230 1735 406 1815 nectarque
427 1753 522 1805 suum
544 1732 631 1796 vitae
652 1731 795 1796 nutrivit
812 1731 989 1810 alumnum,

142 1813 205 1878 Per
226 1816 333 1880 carnis
355 1816 519 1900 speculum
541 1815 627 1880 vidit
645 1815 834 1880 redimicula
853 1836 988 1900 morum,

103 1897 192 1963 arn
214 1900 330 1983 quibus
352 1901 516 1965 ornandus
538 1901 698 1966 succrevit
717 1901 812 1984 pusio
833 1903 953 1981 tantus,
1034 1908 1053 1964 f.
1065 1915 1111 1965 aas

141 1982 282 2049 Pulchra
304 1985 359 2068 qui
381 1985 464 2050 faeie
487 1984 636 2071 depinxit
654 1989 828 2070 utrumque
846 1990 1023 2071 parentem.

140 2067 228 2133 Exin
251 2069 385 2134 consilio
409 2091 483 2135 curn
505 2071 641 2156 coniuge
662 2071 868 2220 pertingam,

141 2155 240 2220 Anna
261 2152 352 2219 velut
372 2158 480 2220 vatem
502 2156 636 2220 dominc
658 2156 747 2219 vovit
812 2155 960 2234 muelem,

141 2235 195 2303 Sic
217 2260 353 2323 puerum
374 2260 474 2323 puero
496 2240 587 2304 vovit
608 2239 647 2303 de
669 2239 800 2321 virgine
819 2243 908 2318 nato,

102 2344 129 2384 eo
143 2321 206 2398 Qui
227 2322 267 2388 de
288 2323 373 2388 lacte
394 2344 526 2388 manum
548 2322 680 2387 mittens
702 2343 802 2406 super
820 2321 940 2405 aspidis
961 2325 1091 2387 antrum

143 2405 344 2473 Comminuit
365 2410 488 2473 vectem
509 2428 613 2492 genus
634 2407 811 2472 humanum
833 2405 1014 2472 feriantem.

141 2490 245 2557 Vovit
258 2497 393 2577 uterque
407 2496 513 2558 ratum
528 2495 719 2579 gratumque
739 2514 857 2576 parens
869 2491 1108 2576 holocaustum,

142 2578 201 2658 Ae,
226 2599 267 2642 ne
289 2577 392 2660 longa
412 2578 503 2662 pium
524 2578 668 2644 traheret
689 2577 801 2644 dilatio
823 2581 945 2661 votum,

142 2660 280 2727 Dulcem
300 2662 438 2727 filiolum
458 2666 552 2746 pater
576 2663 695 2730 obtulit
717 2663 928 2729 erudiendum

102 2764 129 2805 aa
142 2746 295 2812 Patribus
320 2748 460 2834 egreglis
482 2747 677 2834 Ripensibus
699 2746 863 2829 Israelitis,

141 2967 229 3020 coemi
252 2966 279 3019 T
314 2967 519 3035 myehrocosmi
545 2968 571 3021 G
643 2974 676 3023 66
698 2964 882 3022 faecundabit
904 2965 931 3020 G
999 2968 1110 3023 67166-

141 3034 248 3088 cundat
266 3035 293 3089 G
327 3034 422 3090 Phebe
441 3034 467 3088 Τ
499 3034 613 3090 Phebae
634 3035 661 3089 G
719 3040 753 3090 66
770 3033 881 3103 prescia
900 3033 953 3088 GT
1012 3040 1044 3088 61
1062 3052 1110 3106 ge-

140 3117 209 3170 nesy
229 3101 289 3157 GT
320 3101 434 3157 racione
454 3102 481 3156 G
531 3108 564 3157 66
582 3102 707 3157 sobolem
728 3101 755 3157 G
783 3103 874 3156 tocius
893 3101 947 3157 GT
996 3107 1032 3157 64
1046 3119 1109 3172 pre·

141 3170 249 3224 clarum
269 3169 328 3225 GT
386 3175 420 3226 66
439 3186 521 3224 crans
539 3170 565 3224 Τ
592 3171 656 3225 orat
672 3169 831 3239 quicunque
850 3168 877 3224 Τ
926 3175 960 3225 tt
977 3169 1111 3239 procoma

142 3235 203 3291 GT
269 3244 303 3293 69
321 3239 395 3292 sorte
413 3238 440 3291 Τ
503 3244 535 3293 76
552 3237 731 3292 theutonicae
752 3238 779 3292 G
807 3237 895 3292 -cel'
921 3237 1037 3307 ydicma
1055 3237 1113 3290 GT

141 3310 172 3359 'll
196 3304 302 3360 sillaba
330 3304 357 3359 G
434 3311 467 3359 72
489 3305 584 3360 Litera
612 3305 639 3358 Τ
679 3305 779 3359 caedat
802 3305 829 3360 G
871 3303 1121 3374 penitima-m

142 3377 177 3427 ’18
194 3372 374 3428 Samuhelem
395 3373 422 3426 G
490 3378 523 3430 82
541 3372 648 3445 ratum]
670 3374 832 3445 ratumque
854 3373 880 3426 T
951 3366 1144 3425 aenaeam

142 3440 219 3495 sibus
232 3440 389 3496 Israhelitis
409 3441 469 3498 GT
