2324 3832
227 142 321 199 VITA
337 142 587 201 warmundum
604 144 778 205 Murmur.
813 144 880 202 ΜΒ.
898 146 946 205 ΙΙΙ.
1036 149 1079 215 45

72 298 185 367 sNon
207 295 377 397 Sarepteni
399 298 446 363 sie
466 298 552 364 iuvit
572 298 661 364 stilla
682 297 817 383 lecythi:
840 336 882 347 -

108 382 200 449 Haeo
222 386 366 467 typrosm
389 381 520 448 viduam
540 386 556 448 t
601 383 748 468 ioumque
769 382 887 449 refovit
908 383 1051 467 Helium,

109 468 280 534 Summum
301 468 488 551 mysterium
526 468 556 534 oi
579 490 633 551 us,
655 467 784 550 unotio,
807 466 875 533 vita
896 468 1046 552 duorum,

110 552 174 619 Sed
194 551 245 617 nil
265 551 436 637 praesidii,
458 517 506 617 nil
526 552 651 617 roboris
673 553 784 617 attulit
804 551 878 637 ulli,
901 590 944 603 —

113 636 184 702 Hoo
203 640 353 735 reparata
373 636 460 703 selua
481 640 532 702 est
552 637 713 722 unguine,
735 637 864 702 morbus
886 636 1028 704 abactus.

79 720 225 787 ullanat
246 721 293 786 rbi
313 720 399 806 iugis
420 721 510 805 fons,
532 721 621 786 dives
642 742 726 787 vena
748 721 877 805 salutis,

115 805 213 888 Fons,
237 805 387 889 inquam,
410 806 502 872 vivus
525 804 703 871 Wilbrordi
725 807 832 872 vivida
853 807 966 872 virtue.

155 888 276 958 XXVI.
308 888 370 955 Est
389 890 548 975 quaedam
575 891 726 958 membris
746 891 826 1041 lrlueti
837 892 957 956 femina
985 895 1078 955 vecta

728 997 764 1041 so
779 998 800 1040 u
828 997 859 1040 e:

119 1058 219 1125 Annis
240 1058 381 1143 septenis
403 1059 438 1123 in
460 1080 498 1124 ea
519 1059 608 1123 viror
629 1060 715 1125 aruit
736 1060 856 1142 omnis,

120 1141 175 1207 llst
195 1143 227 1208 vi
252 1163 290 1207 or
311 1144 424 1208 sbsum
447 1146 515 1226 tus,
540 1164 654 1241 eorpus
676 1144 776 1210 iaouit
797 1144 890 1229 quasi
912 1143 1026 1225 funus,

88 1225 199 1325 elion·
212 1162 315 1325 udluns
336 1164 516 1293 memdrum
538 1228 619 1293 vixit
639 1228 704 1293 nisi
726 1232 838 1314 peetus
860 1229 1025 1307 anhelum,

119 1309 255 1377 Suetus
276 1311 331 1377 hro
351 1312 459 1378 tenuis
480 1313 582 1378 movit
602 1313 672 1377 loca
694 1313 802 1379 diruta
824 1314 937 1380 cordis.

194 1399 358 1480 prostrata
381 1396 450 1462 solo
471 1418 544 1462 eum
566 1397 710 1482 singultu
732 1399 918 1483 lacrimoso,

121 1480 232 1561 Sensu,
255 1501 319 1565 quo
341 1480 454 1566 valuit,
475 1481 591 1548 devota
613 1484 798 1567 precamina
819 1483 920 1563 fudit,
990 1490 1010 1544 f.
1031 1495 1080 1545 82*

121 1562 219 1630 Corde
240 1565 346 1650 magis
366 1565 480 1648 taeito‚
502 1587 599 1652 quam
620 1567 752 1650 linguae
774 1567 881 1632 deside
903 1567 1035 1650 plectro.

91 1648 309 1715 llllxauditsm
330 1670 366 1714 se
388 1651 490 1716 sensit
510 1651 664 1716 redeunte
687 1652 719 1715 vi
744 1671 814 1716 ore:

120 1730 199 1799 Sunt
220 1735 289 1800 eius
310 1733 443 1832 plantae
466 1735 552 1801 dieto
575 1735 671 1800 eitius
694 1671 866 1814 solidatae,

121 1816 233 1885 Vitatis
254 1817 352 1883 rediit
375 1819 461 1884 calor
483 1825 516 1885 et
536 1820 647 1885 vitalia
668 1819 766 1902 fovit,

120 1902 222 1968 Firma
243 1903 396 1969 iunctura
417 1909 493 1970 sunt
514 1904 660 1989 praedita
682 1905 825 1970 membra
847 1904 972 1985 soluta,

118 1986 290 2053 Incolumis
312 1987 416 2074 surgit
437 2010 498 2054 nee
519 1989 740 2056 sustentacula
762 1991 897 2076 quaerit.

89 2069 203 2148 “Quae
224 2071 338 2154 fuerit,
360 2092 442 2156 quae
464 2074 523 2159 sit,
545 2075 697 2159 miratur,
721 2076 806 2141 laeta
827 2074 947 2141 recedit
953 2122 962 2155 ,

118 2154 199 2222 Sane
219 2157 298 2223 terit
318 2161 438 2222 terram
459 2180 525 2223 non
547 2162 640 2225 tanto
662 2164 807 2242 tempore
829 2161 966 2235 tectam,

122 2239 217 2306 dxilit
236 2242 289 2306 hia
310 2240 447 2328 gerulis,
470 2243 587 2328 quibus
610 2247 659 2307 est
680 2243 828 2319 advecta,
852 2240 981 2305 relictis.

117 2324 174 2390 uer
193 2326 307 2392 itidem
330 2325 452 2392 elatum
473 2329 603 2413 signum
625 2325 709 2391 olere
733 2324 928 2390 celebratum

119 2408 179 2475 Par
199 2411 287 2495 apud
308 2410 497 2495 Hipponem
519 2413 614 2497 signo
637 2410 723 2496 quod
746 2409 862 2477 claruit
883 2408 1012 2494 urbem,

87 2491 216 2571 ”Quale
237 2494 340 2560 refert
360 2497 578 2580 Augustinus,
591 2519 616 2561 s
641 2500 779 2582 mmysta
799 2495 933 2581 peritus.

119 2576 203 2645 Civis
225 2579 402 2677 Caesareae
424 2586 526 2646 mater
549 2520 755 2649 celedenima
776 2583 868 2667 prole

117 2660 293 2750 Progenurt
315 2663 415 2731 denos
436 2666 579 2751 aluitque
601 2667 660 2732 sub
682 2668 779 2732 ubere
801 2670 911 2748 natos,

118 2744 273 2832 Septenos
295 2747 389 2815 flores
410 2751 560 2816 iuvenum
583 2757 754 2834 ternasque
776 2771 911 2814 sorores.

118 2829 178 2897 Sed
199 2833 263 2898 sibi
286 2832 363 2898 dum
384 2834 482 2900 fidum
504 2836 671 2919 sepelisset
692 2835 816 2898 maeste
838 2833 1005 2913 maritum,

83 2914 175 2981 aust
197 2917 238 2982 ab
261 2918 307 2983 eis
330 2918 469 3003 offensa;
491 2920 611 2985 furoris
633 2919 664 2983 vi
686 2916 852 2983 stimulatu

117 2999 259 3067 Mentem
281 3006 458 3070 maternam
481 3010 627 3083 mutans,
650 3002 776 3067 imitata
798 3019 969 3065 novercam

182 3175 216 3225 55
234 3169 405 3241 Sareptheni
419 3173 476 3228 GT
507 3172 588 3227 iuvat
612 3171 638 3226 Τ
669 3166 775 3246 leelryti
789 3166 847 3223 GT
912 3170 945 3220 56
963 3164 1082 3234 Helyam

118 3234 174 3293 GT
263 3243 296 3293 57
315 3239 403 3308 cybus
423 3240 482 3296 GT
564 3243 596 3294 58
614 3236 775 3309 presidnG
866 3238 900 3288 62
918 3232 1085 3311 quedamT

117 3303 285 3361 sominae
352 3312 386 3361 68
403 3308 532 3363 voluitT
598 3313 630 3362 73
647 3304 761 3384 predita
774 3304 832 3361 GT
898 3308 931 3358 74
948 3301 1042 3368 quent
1059 3300 1086 3356 Τ

117 3375 149 3426 te
170 3372 230 3428 leta
249 3371 308 3428 GT
356 3376 483 3431 recaedit
502 3375 529 3430 G
568 3373 676 3430 secedit
694 3374 720 3427 T
803 3378 835 3428 79
858 3371 1009 3441 Ypponem
1027 3368 1086 3425 GT

116 3442 149 3494 ⁸0
165 3442 316 3508 symmista
334 3441 360 3494 Τ
430 3449 462 3498 81
482 3441 617 3498 Cesereae
638 3441 695 3497 GT
765 3447 800 3496 84
817 3442 908 3495 mesta
926 3438 984 3495 Gr
