2370 3810
425 947 816 1022 COMMENTARIUS.

380 1243 577 1320 Prologus,
601 1241 666 1320 (lib.
689 1243 705 1301 Ι
729 1237 855 1322 1-16.)

224 1344 399 1403 Thiofridus
427 1345 638 1404 conventuales
665 1344 902 1420 Eptemacenses
929 1342 1110 1422 alloquitur,

138 1428 249 1505 quibus
287 1431 322 1488 ut
343 1431 431 1488 ant-ea
457 1428 550 1487 vitam
584 1429 773 1489 Willibrordi
794 1429 958 1504 prosaicam
985 1428 1108 1490 dedica·

134 1516 235 1590 verat,
263 1514 306 1574 ita
327 1532 407 1573 nunc
427 1512 581 1572 metricam
605 1513 795 1577 commendat
818 1512 970 1572 confidens
994 1530 1026 1572 so
1051 1533 1109 1590 per
1162 1554 1167 1563 ·

134 1599 204 1659 illos
226 1619 244 1659 a
265 1598 428 1659 lividorum
453 1597 641 1674 quorundam
667 1597 822 1657 hominum
850 1596 965 1659 invidia
992 1598 1029 1657 iri
1053 1599 1105 1658 de·

137 1683 265 1744 feneum.

218 1788 248 1829 v.
273 1771 288 1825 1
313 1785 431 1827 crusmu
453 1785 514 1826 non
536 1769 583 1826 est
604 1766 789 1844 cymbalum,
810 1769 847 1826 ut
865 1765 1017 1826 Declrerus
1039 1767 1106 1844 opi·

134 1855 240 1926 natur,
274 1851 325 1910 sed
355 1851 435 1910 modi
463 1851 585 1926 musici,
620 1852 672 1928 qui
699 1850 736 1910 ad
766 1869 873 1912 sonum
907 1850 1105 1912 instrumenti

136 1936 243 1994 musici
266 1934 426 1995 cuiuslibet
447 1937 604 1994 canuntur.
648 1967 687 1977 —
732 1955 761 1996 v.
785 1936 803 1993 2
826 1934 1047 2012 quodammodo
1070 1935 1105 1997 iu

136 2020 310 2080 memoriam
332 2021 464 2078 nostram
486 2020 639 2080 revocavit
660 2019 779 2079 initium
801 2020 920 2096 prologi
941 2020 1105 2080 satirarum

132 2105 358 2165 Persianarum:
401 2103 463 2164 Nec
487 2102 568 2176 forde
589 2105 674 2164 labro
690 2105 793 2178 prolui
814 2105 973 2174 caballino,
996 2122 1104 2180 quam·

135 2210 223 2266 quam
246 2208 307 2250 non
330 2189 477 2249 contendo
499 2187 653 2249 Thiofrido
674 2188 728 2249 illa
749 2189 842 2260 verba
863 2189 902 2248 ob
917 2187 1020 2249 oculos
1034 2207 1105 2249 ver·

133 2277 198 2335 sata
219 2293 293 2334 esse.
332 2305 370 2316 -
405 2294 434 2334 v.
458 2275 477 2333 3
500 2273 539 2333 cf.
563 2273 635 2333 Hor.
658 2274 747 2348 epist.
773 2272 804 2332 H
827 2275 919 2347 1,177
947 2278 1104 2335 ventoso

128 2361 252 2433 utorio
279 2377 370 2418 curru
390 2357 483 2434 Verg.
512 2358 587 2417 Aen.
610 2358 653 2416 XI
677 2359 737 2419 708
766 2363 919 2418 ventosa
949 2356 1032 2430 ferat.
1054 2361 1105 2419 cui

129 2444 255 2516 utorio
274 2441 420 2515 fraudem.
443 2472 484 2483 —
511 2461 541 2502 v.
570 2443 589 2499 4
611 2443 822 2518 hyperaspistes
842 2443 963 2518 proprie
984 2446 1032 2501 est
1054 2461 1103 2502 sa·

135 2526 238 2601 telles,
272 2525 403 2602 corporis
432 2528 547 2598 custos,
581 2527 632 2603 qui
661 2545 769 2605 corpus
791 2526 873 2587 ducis
896 2526 992 2604 clipeo
1014 2527 1105 2604 tegit.

134 2609 307 2669 Thiofridus
340 2613 439 2669 autem
467 2609 523 2669 hoc
550 2611 643 2670 verbo
672 2631 739 2671 eum
770 2610 937 2690 significare
969 2610 1102 2688 videtur,

132 2696 185 2773 qui
213 2696 245 2756 in
267 2695 336 2756 aula
363 2694 507 2771 principis
528 2697 560 2754 et
581 2695 657 2755 circa
683 2715 840 2773 personam
862 2695 925 2755 eius
947 2697 1102 2772 versatur;

133 2781 213 2840 idem
236 2781 331 2859 igitur
351 2780 419 2841 vult
439 2779 520 2857 quod
542 2780 665 2841 aulicus.
696 2813 730 2823 -
763 2800 793 2840 v.
823 2781 959 2840 duostri
975 2783 1104 2854 patrone

130 2883 171 2924 sc.
206 2866 381 2926 monasterii
406 2865 652 2941 epternacense,
682 2865 730 2924 cui
757 2863 930 2925 Thiofridus
963 2868 1104 2940 praeerat

129 2949 231 3008 abbas.
258 2982 295 2992 —
319 2970 347 3009 v.
372 2952 390 3009 7
411 2950 517 3009 Horat.
542 2952 596 3009 sat.
620 2950 728 3023 14,11
753 2947 912 3026 (Lucilius)
935 2967 1001 3010 eum
1022 2948 1103 3021 flu-

130 3039 206 3093 eret
238 3035 461 3094 lutulentus.
494 3034 534 3093 id.
563 3037 617 3093 sat.
646 3034 733 3106 110,
762 3035 804 3092 50
832 3039 864 3094 ut
885 3035 947 3094 dict
977 3032 1103 3105 fluere

129 3119 209 3178 tuce
231 3116 404 3195 (Lucilium)
427 3120 664 3179 lutulentum.
690 3152 726 3160 —
752 3139 779 3177 v.
798 3120 816 3178 9
832 3117 938 3177 Boeth.
956 3118 991 3176 de
1015 3135 1100 3179 cons.

129 3221 158 3261 v.
183 3203 201 3259 2
228 3208 352 3263 mestos
381 3221 486 3278 coqor
511 3205 611 3264 inire
637 3204 767 3266 modos.
805 3235 838 3246 —
875 3223 904 3264 v.
930 3204 970 3263 10
991 3201 1102 3263 Horat

129 3288 183 3346 sat.
213 3286 229 3344 Ι
264 3288 312 3360 10,
344 3288 385 3344 48
412 3305 526 3362 neque
556 3306 606 3364 eoo
637 3288 697 3348 illi
729 3280 872 3369 (Lucilio)
905 3288 1103 3348 detrahere

128 3374 225 3433 ausim
246 3373 459 3432 haerentem
480 3375 599 3447 cupita·
621 3391 686 3432 cum
707 3375 804 3433 multu
818 3373 904 3433 uoce
926 3389 1103 3433 coronam
