2370 3810
101 187 139 238 lv
442 160 727 218 Pnonueounnn.

102 321 165 384 lem
194 321 302 383 autern
324 317 466 380 fructum
488 317 685 380 uberrimum
707 313 885 379 redundare
908 334 946 376 ex
969 313 1079 395 operi·

102 407 162 469 bus
191 402 350 468 Thiofridi
380 403 408 466 si
436 423 502 465 non
530 401 680 465 omnibus
686 451 695 484 ‚
729 405 763 464 at
790 404 875 463 certe
897 398 975 462 Vita
1004 398 1078 462 eius

103 489 249 571 metrica,
273 491 306 551 et
327 485 556 552 commentario
577 488 687 548 nostro
710 488 743 547 et
771 506 809 548 ea
830 484 946 547 horum
968 482 1076 565 prole-

104 593 313 659 gomenorum
334 575 441 654 parte,
465 591 545 654 quae
568 572 617 633 est
638 569 676 632 de
692 567 851 633 Thiofridi
866 567 1099 651 antiquitatis

75 714 78 722 s
106 658 233 736 studiis³
262 656 484 740 appariturum
506 653 696 718 confidimus
712 656 745 716 et
762 674 936 736 speramus.
966 649 1077 726 Quan-

103 743 222 808 tumvis
263 741 365 824 igitur
402 760 468 804 non
511 741 728 823 repugnantes
765 737 982 801 illustrissimo
1024 736 1076 801 illi

104 826 257 890 historico
296 824 507 889 concedemus
535 844 643 887 rerum
671 821 775 886 medio
803 843 881 886 aevo
908 825 1076 906 gestarum

105 910 324 997 cognitionem
362 909 417 973 vix
455 908 557 972 ullum
596 907 848 972 emolumenturn
884 927 996 989 capere
1035 928 1076 969 ex

105 994 265 1061 Thiofridi
293 993 451 1078 carmine,
477 997 586 1058 tamen
616 1014 653 1057 ea
681 992 751 1076 ipsa
778 991 816 1055 de
840 1013 949 1069 causa,
976 1013 1076 1074 quam

106 1081 203 1146 modo
220 1080 405 1162 attulimus,
427 1100 487 1143 nos
503 1099 633 1163 operam
649 1080 681 1141 et
696 1076 802 1141 oleum
817 1098 883 1139 non
897 1074 1077 1160 perdidisse

105 1186 164 1249 pro
193 1167 279 1228 certo
306 1164 472 1227 habemus.
517 1167 625 1246 Atque
655 1162 734 1226 haee
757 1161 885 1244 quidem
907 1159 1075 1225 hactenus

190 1248 258 1312 Iam
282 1247 450 1330 adipsum
472 1246 640 1331 praefandi
663 1267 777 1310 munus
800 1245 985 1310 accedentes
1007 1247 1076 1328 pri·

108 1354 197 1397 mum
235 1353 315 1396 auca
331 1332 521 1395 disseremus
538 1330 576 1395 de
591 1329 752 1395 Thiofridi
766 1331 832 1394 vita
847 1332 880 1394 et
894 1330 1076 1414 scriptis.*)

223 1417 288 1481 itae
311 1414 486 1498 Thiofridi,
509 1416 535 1480 si
558 1436 661 1498 pauco
683 1418 715 1479 et
736 1416 846 1479 tenuia
869 1414 1007 1479 frustula
1022 1436 1077 1477 ex-

106 1502 312 1650 tuest
312 1499 739 1649 recursurus
752 1499 952 1648 estut
954 1500 1076 1647 imita

107 1671 308 1750 nscensium,
325 1691 404 1754 quos
420 1674 493 1754 post
510 1668 713 1733 Marteneum
724 1604 773 1754 gir
787 1667 920 1733 Collect.
932 1606 1076 1751 amiiliss.

107 1759 184 1821 tom.
218 1754 264 1818 IV
299 1776 384 1819 anno
420 1754 501 1819 1729
528 1754 615 1818 edito
644 1773 718 1838 pag.
747 1752 931 1839 505-517)
958 1753 1078 1816 iterum

108 1844 143 1922 ty
167 1841 194 1903 is
212 1840 369 1921 expressit
385 1838 572 1903 Ludewicus
589 1837 738 1902 Weiland
753 1838 788 1900 in
805 1837 950 1901 Monum.
968 1837 1077 1902 Germ.

109 1862 165 1988 δὲ
189 1925 267 1986 tom.
290 1920 405 2004 XXIII
426 1943 501 2006 pag.
525 1922 662 1985 30-38.
699 1921 835 1984 Duobus
869 1925 975 1984 autem
998 1922 1091 1986 locis

111 2006 150 2071 de
172 2005 341 2070 Thiofrido
370 2007 491 2091 agitur,
521 2026 659 2088 quorum
687 2004 768 2068 alter
790 2005 824 2069 in
846 2005 967 2087 priore,
995 2004 1079 2068 alter

109 2092 143 2156 in
166 2090 308 2156 secundo
331 2091 479 2175 catalogo
500 2089 647 2154 habetur.
678 2087 798 2152 Prioris
814 2088 952 2172 catologi
968 2088 1076 2174 verba,

109 2179 267 2262 quatenus
281 2176 345 2240 huc
360 2175 500 2258 faciunt,
524 2175 605 2238 haec
617 2176 709 2256 sunt,
733 2173 753 2236 l.
770 2173 791 2238 l.
814 2194 886 2258 pag.
903 2173 945 2238 33
967 2172 1023 2236 lin.
1041 2175 1078 2239 ὃς

193 2261 260 2327 ‘Ad
278 2265 467 2344 postremum
489 2259 719 2348 (Reginbertus
741 2258 853 2342 abbas)
876 2278 1079 2324 successorem

108 2348 169 2413 sibi
196 2349 345 2412 domuum
369 2347 550 2429 Tiofre'dum
578 2345 753 2428 desipuerit
779 2347 883 2427 sicque
910 2348 962 2408 30.
991 2345 1078 2408 ordi-

108 2433 249 2496 nationis
269 2450 347 2495 suae
368 2452 469 2513 oeno,
492 2434 523 2493 3.
549 2429 630 2495 Idus
652 2429 832 2494 Decembris
853 2432 987 2511 topace
1009 2430 1078 2509 qui·

110 2516 172 2580 evit
192 2517 240 2579 et.
255 2561 262 2575 .
276 2561 305 2576 ..
328 2515 466 2596 sepultis
487 2518 531 2578 est
544 2512 698 2578 Heinrico
714 2512 780 2578 IV.
803 2515 990 2594 imperatore
1007 2533 1079 2578 com

109 2599 246 2665 exercito
268 2599 304 2662 ia
319 2597 420 2663 Italia
441 2600 564 2681 deperite
586 2617 671 2663 aare
692 2601 746 2662 26.
762 2599 852 2680 repat
866 2599 942 2663 eius.
977 2597 1079 2663 Prae-

179 2767 203 2833 *)
223 2763 300 2845 Quae
320 2765 358 2844 de
373 2764 510 2820 Thiofridi
531 2765 593 2819 vita
611 2765 641 2819 ct
658 2764 770 2844 scriptis
788 2764 952 2846 disserenda
969 2767 1081 2835 putavi·

112 2849 275 2980 ffdddwieclds
283 2849 449 2981 ffiffips
459 2832 981 2978 ieiittinduirimiiradweiiisiliiddtdiiiriirid
994 2848 1081 2974 diiirard

113 2968 284 3046 admirandi,
302 2986 348 3023 cui
359 2969 461 3023 titulus
479 2969 524 3022 est
535 2919 731 3022 ‘Monumenia
744 2966 1082 3044 GermamaehntorrcaJ,

113 3036 281 3104 scnptorum
304 3039 380 3091 tomo
402 3035 494 3090 XXIII
516 3035 583 3090 ante
604 3035 655 3090 hos
673 3035 741 3090 VIII
764 3050 851 3089 annos
874 3034 951 3088 edito
967 3050 1082 3113 paginis

116 3108 216 3158 11-‘13
234 3105 416 3159 monumenta
433 3103 665 3174 Epternscenrie,
692 3103 829 3168 quatenus
847 3102 874 3156 ei
892 3101 927 3154 ad
945 3101 1082 3156 historiae

114 3169 247 3224 notitiam
266 3170 361 3248 aliquo
378 3172 470 3240 pretio
489 3188 548 3226 esre
567 3171 742 3234 viderentur,
760 3170 836 3237 typis
854 3169 1019 3224 excudenda
1034 3186 1082 3223 cu·

117 3242 202 3294 reret.
238 3237 385 3292 Noluimus
408 3240 504 3294 eutem
527 3255 587 3305 eos,
619 3239 668 3306 qui
694 3236 817 3290 editione
839 3239 936 3290 nostra
957 3238 1084 3304 utentur,

119 3305 194 3359 nude
213 3304 249 3359 ad
268 3304 471 3360 ‘Monumente’
490 3307 622 3376 relegere,
642 3321 713 3370 cum,
731 3319 817 3372 quam
835 3303 954 3357 difficilis
972 3305 1009 3357 sit
1020 3320 1085 3372 per-

116 3371 213 3425 multis
240 3371 275 3425 ad
303 3371 583 3427 voluminosissimum
609 3370 680 3426 illud
708 3371 737 3425 et
759 3371 991 3438 pretiosissimum
1012 3387 1085 3439 opus

115 3439 222 3504 editus,
240 3440 296 3507 ipsi
314 3441 424 3510 experti
441 3440 568 3495 sciamus.
678 3447 686 3463 ⁰
