2370 3810
431 143 717 201 PROLIIGOMENA.
775 153 783 166 '
1020 164 1059 211 lx

95 319 166 362 cum
183 297 262 364 Vita
273 298 415 363 Irminae
432 297 619 363 Theoderici
647 296 809 362 Chronico
824 296 1058 381 Epternacensi

93 383 235 448 eiusdem
250 382 442 448 Theoderici
464 383 584 447 inserte
606 381 702 466 (quae
725 385 812 446 extat
832 384 867 447 in
884 382 927 446 M.
945 381 982 448 G.
1000 380 1056 448 SS.

93 465 205 532 XXIII
250 487 301 552 ag.
318 466 460 553 48-50)
481 471 571 532 extra
593 466 825 531 dubitationem
847 467 957 550 posuit
979 465 1059 531 Lud.

96 491 286 616 Weilandus
301 552 323 615 l.
343 552 364 615 l.
379 573 451 636 pag.
468 553 521 615 40.
551 551 641 616 Idem
655 552 705 616 v'ir
726 550 837 616 doctus
859 550 1060 617 Sermones

93 637 188 702 dnos
210 638 502 702 deauratorum
523 637 713 718 reliqniis
734 640 769 700 et
788 637 1058 716 veneratione,

95 721 150 804 qui
172 721 207 784 in
229 718 426 786 Bibliotheca
447 721 587 785 maxima
602 724 737 804 patrum
770 719 820 784 ed.
842 719 945 805 Lugd.
977 720 1058 786 1677

94 807 170 868 tom.
182 803 247 868 XII
257 804 439 892 417-419)
459 806 519 870 sub
533 805 664 870 nomine
675 804 757 869 Thio
792 804 833 869 'di
848 804 975 870 abbatis
990 805 1059 869 vul·

94 889 163 972 goti
189 893 280 968 sunt,
313 893 424 954 nostro
455 889 625 955 Thiofrido
657 889 810 969 vindicat,
848 910 920 953 cum
951 889 1059 973 ipsum

94 973 228 1038 eandem
249 975 417 1038 materiam
439 976 474 1038 in
496 975 587 1038 libris
607 972 740 1036 Florum
755 976 907 1037 tractasse
923 977 1056 1038 constet.

176 1055 224 1122 Dc
248 1059 427 1142 codicibus,
459 1059 575 1142 quibus
597 1057 758 1122 Thiofridi
780 1058 973 1141 scriptorum
995 1078 1059 1121 me·

91 1142 192 1206 moria
214 1142 254 1206 ad
275 1165 335 1208 nos
358 1144 521 1227 pervenit,
546 1142 755 1207 conferantur
776 1141 821 1207 M.
845 1141 883 1210 G.
908 1140 963 1208 SS.
978 1146 1057 1207 tom.

91 1224 203 1290 XXIII
225 1248 299 1312 pag.
329 1227 368 1291 19
402 1230 434 1291 et
467 1232 541 1292 tom.
565 1226 644 1291 VIII
676 1248 750 1311 pag.
786 1228 860 1306 115,
894 1226 932 1291 de
960 1225 1057 1292 Vitae

92 1312 245 1375 metricae
268 1311 430 1376 codicibus
452 1312 538 1377 infra
583 1311 670 1375 aullo
692 1312 795 1377 fusius
818 1316 1004 1395 exponetur.

176 1394 335 1460 Ineditam
359 1417 426 1467 esse
448 1396 552 1462 adhuc
597 1397 676 1461 itam
698 1394 851 1493 liutwini
872 1392 1058 1544 iam'suplra

90 1481 425 1577 commemoravimus,
441 1480 552 1580 Floras
567 1480 723 1566 epitaphri
738 1484 920 1546 sanctorum
957 1480 1001 1545 ub
1018 1481 1057 1546 'oi

89 1586 168 1712 tlt
181 1563 544 1732 ttttttitlttfi
559 1564 1058 1796 tt”ttlrtlttttltlp,{ltt

995 1755 1006 1796 1

90 1733 180 1815 dicit,
203 1732 428 1816 Mabillonius‚
451 1734 628 1815 PerierIus,
646 1732 800 1796 Marxius.
840 1731 934 1798 Vitae
1008 1733 1057 1796 lli-

89 1817 196 1881 brordi
217 1818 383 1902 prosaicae
426 1818 576 1882 articulas
587 1817 746 1966 puasdam
765 1815 820 1967 {pa
844 1816 938 1884 ‚XII
951 1816 1055 1884 XXII.

89 1900 209 1970 XXIV.
233 1901 407 1967 XXIXX
439 1901 527 1967 XIII.
556 1901 586 1966 X
619 1902 707 1968 XIV.
733 1901 764 1966 X
828 1901 866 1968 V.
890 1901 1056 1990 XXXVI),

89 2007 128 2050 ex
161 1986 275 2069 quibus
303 1987 442 2072 aliquem
476 1988 620 2052 fructum
648 1988 689 2053 ad
721 1987 873 2052 historiae
906 1988 1056 2053 notitiam

87 2070 340 2136 redundaturum
374 2077 537 2156 speraret,
569 2073 655 2156 typis
693 2072 894 2137 excudendas
932 2072 1056 2137 curant

88 2154 169 2219 Lud.
192 2153 381 2221 Weilandus
403 2156 424 2220 l.
447 2157 470 2220 l.
493 2177 566 2241 pag.
590 2158 725 2237 23-30,
748 2156 873 2239 reliqua
896 2156 1000 2220 adhuc
1021 2155 1057 2218 in

88 2240 186 2304 scidis
207 2241 319 2305 latent.
356 2240 652 2305 Vltam'metricam
674 2261 778 2322 nuper
800 2261 887 2302 anno
905 2239 983 2303 1881
1008 2237 1057 2325 (in

89 2342 197 2408 progr.
234 2345 344 2410 gymn.
377 2345 445 2410 reg.
479 2323 605 2388 Trever.
651 2346 668 2388 e
702 2324 809 2388 codice
842 2322 1056 2388 bibliothecae

87 2408 292 2492 municipalis
320 2408 524 2474 Treverensis
552 2408 578 2472 L
643 2407 723 2473 XIV
750 2408 850 2473 edidit
877 2406 1056 2473 Richardus

86 2491 260 2558 Deckerus.
287 2492 456 2560 Sermones
470 2495 505 2558 in
521 2493 571 2558 die
590 2494 690 2559 natali
704 2492 905 2558 Willibrordi
927 2497 960 2558 et
976 2493 1056 2558 VVil-

84 2577 159 2664 gisli
182 2577 286 2643 adhuc
306 2601 465 2662 nusquam
486 2579 635 2663 impressi
655 2579 812 2643 videntur.

174 2661 264 2728 Haec
286 2664 475 2748 habuimus,
497 2686 580 2747 quae
602 2665 637 2728 in
659 2663 843 2728 universnm
866 2662 904 2727 de
928 2663 1056 2746 scriptis

89 2745 250 2811 Thiofridi
272 2769 445 2833 eorumque
462 2748 624 2813 codicibus
641 2752 672 2812 et
688 2748 881 2813 editionibus
896 2746 1058 2811 afferenda

86 2835 282 2915 putaremus.
322 2831 419 2898 Nunc
442 2836 548 2898 cetera
570 2835 668 2899 missa
689 2833 844 2898 facientes
867 2833 900 2894 et
921 2831 955 2894 in
978 2829 1057 2896 Vita

87 2917 233 3000 metrica,
258 2938 354 3001 quam
376 2917 463 2982 infra
485 2917 601 2983 edituri
623 2939 748 3000 sumus,
770 2938 830 2981 nos
852 2915 1055 2981 continentes

86 3020 283 3084 exponemus
304 3002 414 3085 paullo
430 3003 562 3066 uberius
578 3002 616 3067 de
632 3002 740 3066 codiee
756 3000 917 3083 Gothan0,
940 3001 975 3065 in
991 3023 1055 3085 quo

85 3088 213 3169 praeter
234 3085 298 3150 alia
320 3085 482 3151 Thiofridi
505 3087 624 3170 scripta
651 3086 719 3150 eius
749 3084 825 3150 Vita
849 3084 1052 3152 Willibrordi

85 3171 219 3235 metrica
241 3173 338 3235 extat.

173 3254 272 3319 Liber
293 3254 347 3319 ille
369 3255 637 3339 pretiosissImus,
660 3254 714 3338 qui
736 3277 871 3320 numero
894 3256 935 3319 70
950 3255 1056 3339 signa·

86 3343 138 3403 tus
168 3341 202 3405 in
234 3340 429 3405 bibliotheca
459 3339 564 3404 ducali
598 3340 749 3404 Gothana
781 3343 974 3420 asservatur,
1007 3342 1058 3403 est

87 3426 364 3505 membranaceus,
395 3426 430 3488 in
457 3424 537 3490 folio
567 3425 724 3509 scriptae,
753 3423 904 3488 foliorum
928 3426 1057 3488 centnm
