2370 3810
92 141 132 206 12
484 139 675 196 THIOFRIDI
786 189 796 199 ,

90 294 152 360 Est
173 293 383 358 acclamatum
407 293 540 379 dignum
561 293 630 358 fore
651 291 853 377 poniificaiu,

93 378 155 444 Sed
178 400 245 443 non
267 379 440 458 consensit,
463 378 599 460 quiade
622 399 655 441 se
678 376 756 441 vilia
777 378 889 462 senoil,

40 480 78 520 ²⁸5
92 463 216 530 Parvus
230 463 315 548 apud
331 484 374 543 se,
394 482 532 548 magnus
546 463 631 546 apud
645 466 688 543 le,
704 459 840 539 Christe,
861 472 1073 553 sequanicis,

91 548 148 629 Te,
171 548 226 633 qui
248 548 392 614 mortalis
413 551 519 612 ’seclus
541 547 737 632 galummate
761 547 866 612 carnis

92 632 253 698 Primatus
276 631 445 696 cathedras
467 631 637 696 ostendisti
658 630 839 717 fugiendas,

93 717 175 782 Onm
198 716 379 781 secessisses
401 716 435 780 in
458 720 610 794 moniam,
634 715 825 792 delituisses

92 800 143 866 Ne
166 804 209 881 le,
234 801 285 866 cui
307 801 368 866 soli
391 801 486 866 cessit
508 800 695 866 monarchia
716 800 837 878 mnndi,

41 885 134 951 coln
156 907 265 968 regem
311 886 426 970 opulus
448 886 509 950 sibi
532 885 688 970 deligereh
708 884 874 949 recutitus.

92 969 234 1053 Asseela‚
262 909 397 1054 Christe,
419 975 494 1036 huus
516 974 573 1035 lua
593 991 651 1055 per
672 969 812 1054 veshigia
832 968 949 1035 ductus

92 1055 157 1122 Cor
178 1077 244 1120 non
266 1057 426 1141 apposuit,
448 1055 504 1120 sed
526 1056 560 1120 in
583 1055 663 1118 haec
685 1075 720 1118 os
744 1053 830 1118 dicia
851 1054 1009 1121 resolvit:

93 1141 268 1205 ‘Praeclnis
291 1162 309 1204 o
332 1142 496 1224 princeps,
520 1161 538 1203 o
561 1141 725 1225 primates,
748 1139 844 1202 decus
865 1139 999 1225 ingens,

94 1226 254 1289 Acoensas
277 1225 312 1288 in
333 1245 385 1288 me
407 1228 529 1288 vestras
552 1224 687 1288 avertite
708 1227 841 1289 menies.

42 1307 230 1373 aec-Deseris
252 1307 390 1392 patriam
411 1309 536 1392 patriae
558 1308 703 1372 caelestis
726 1308 767 1372 ob
790 1307 906 1390 aulam,

93 1390 170 1458 Non
194 1395 231 1457 ut
252 1393 374 1457 ditarer
393 1414 453 1458 nec
474 1394 509 1457 in
532 1393 627 1457 exilio
650 1393 840 1472 dominarer,

95 1477 157 1542 Sed
178 1477 283 1542 nudus
306 1477 471 1543 Christum
494 1477 615 1542 nudum
638 1498 788 1561 sequerer
809 1476 1014 1544 crucifixum.

94 1561 170 1627 Non
193 1563 408 1647 speculativae
430 1562 527 1628 didici
549 1562 700 1627 sublimia
722 1561 818 1644 vitae,

94 1646 198 1713 Oorde
209 1669 345 1733 pavesco
356 1652 481 1714 tomum
490 1648 646 1712 virtutum
659 1649 767 1711 mente
780 1645 971 1731 notandum,
991 1655 1067 1711 9990

43 1743 82 1785 000
95 1733 232 1798 Actibus
253 1733 453 1818 implendum
475 1732 570 1797 Pauli
593 1732 631 1796 de
652 1735 782 1815 pectore
804 1730 947 1816 ductum,

94 1814 299 1882 Praesulibus
321 1819 495 1902 proprium,
519 1816 700 1882 caieohistis
722 1817 913 1881 animarum.

95 1899 179 1976 Quid
201 1902 284 1965 lanii
306 1902 422 1984 cupitis
442 1903 523 1965 mihi
547 1901 673 1966 credere
697 1901 824 1966 culmen
844 1899 1005 1965 honoris?

93 1985 169 2050 Non
191 1989 240 2049 est
260 1986 364 2051 maius
387 2006 478 2070 onus,
501 1986 602 2050 maior
622 2007 691 2050 non
713 1989 763 2050 est
784 1987 889 2051 honor
909 1984 1016 2070 ullus3

94 2068 150 2136 Nil
232 2071 302 2134 vius
324 2070 425 2135 menti
446 2070 571 2136 iontem
593 2071 679 2134 vitae
701 2070 833 2149 sitienti,

44 2090 231 2221 wblnlofm

96 2242 145 2306 Ao
168 2242 320 2325 strepitus
342 2240 522 2322 hominum,
546 2241 694 2326 pathicos
716 2243 824 2305 molus
846 2239 1040 2305 animorumss

94 2325 207 2390 Refert
228 2327 389 2411 pontificis
411 2325 516 2391 David
538 2326 574 2390 in
595 2325 720 2390 Libano
743 2327 806 2390 sila
827 2324 934 2402 haris,

94 2410 146 2474 Ex
169 2411 259 2474 cuius
282 2410 409 2493 specula
431 2411 613 2495 speculator
633 2431 709 2493 pros
732 2410 788 2474 icil
809 2409 883 2488 alta,

95 2494 266 2576 Prospicih‚
289 2494 391 2557 aerias
414 2497 447 2557 eh
468 2495 597 2558 nuntiai
618 2497 665 2559 ire
687 2432 875 2579 phalangas,

42 2591 82 2632 ³¹⁰
95 2578 217 2653 Prodit,
241 2576 296 2640 ubi
318 2577 447 2642 sceleris
468 2580 581 2662 pulsai
603 2600 740 2643 caenosa
760 2577 921 2663 mephitis,

94 2661 164 2738 Quo
187 2662 317 2727 virtutis
341 2661 420 2727 odor
442 2663 553 2748 spiret,
577 2685 641 2747 quo
666 2664 732 2728 rita
753 2664 796 2727 sih
818 2667 851 2727 ei
870 2682 969 2726 mors.

93 2747 137 2811 Et
159 2752 251 2812 lanto
274 2746 354 2813 fasci
376 2749 462 2832 quod
484 2769 567 2813 onus
588 2749 676 2814 valet
697 2745 919 2832 aequiperari?

92 2830 186 2908 Quod
208 2836 276 2898 tam
298 2832 429 2898 sublimi
452 2833 524 2918 quis
547 2834 624 2898 adae
647 2837 703 2898 uei
724 2832 850 2897 culmen
873 2831 1018 2897 honori?

92 2916 169 2981 Non
192 2920 240 2981 est
263 2939 302 2982 er
323 2922 420 3002 terra,
444 2920 498 2983 sed
521 2918 562 2982 ab
585 2923 638 2983 ael·
662 2917 723 2983 eris
746 2938 818 2982 arce
841 2937 990 3001 superna,

185 2154 337 2220 erabilius
359 2154 441 2220 nihil
464 2158 522 2238 est,
545 2177 641 2241 qnam
663 2155 748 2219 ferre
769 2154 927 2220 tumultus

160 3105 211 3156 989
232 3101 395 3178 galnmnate
420 3103 447 3157 G
524 3107 573 3158 989
596 3102 766 3169 monarchya
789 3101 848 3157 Gr
923 3106 973 3156 293
995 3119 1061 3182 pre·

92 3168 163 3222 cluis
182 3168 209 3221 θ
242 3170 408 3289 qnmateT
481 3177 532 3226 994
548 3188 588 3226 cn
605 3171 765 3226 advertite?
837 3169 1064 3226 29hcelest1⁸T

91 3241 142 3290 998
166 3251 249 3304 speon
263 3237 338 3290 ahve
366 3237 392 3291 T
466 3245 517 3294 999
539 3239 667 3293 thomum
691 3238 749 3293 GT
823 3245 871 3294 991
895 3237 1062 3294 Presulibas

94 3302 153 3357 GT
192 3302 351 3358 cathezistis
377 3305 434 3360 GT
511 3314 561 3363 999
585 3307 673 3361 honos
696 3307 722 3360 Τ
797 3311 849 3362 904
870 3305 981 3361 sicienti
1004 3307 1064 3362 GT

92 3372 309 3508 3911ιῇ9γὸοῶ
334 3372 393 3428 GT
473 3381 522 3431 307
549 3374 665 3443 Lybano
694 3374 752 3429 GT
830 3381 880 3430 310
906 3389 1013 3430 cenosa
1039 3375 1065 3430 Τ

91 3455 155 3509 mep
219 3457 231 3493 s
