2370 3810
113 146 156 212 42
501 141 692 198 THIOFRIDI

115 297 372 382 Septingenteno
394 295 523 380 trigeno
546 295 672 380 dispare
694 316 798 374 nono,

116 382 220 448 Annis
243 381 381 465 expletis
404 380 574 446 cathedrae
596 381 681 445 senis
704 379 935 464 quadragenis,
1002 387 1084 448 teo*

65 482 103 523 7⁵⁰
115 466 279 533 Enneadis
300 486 436 532 numero
458 464 571 530 novies
593 467 698 529 aetate
721 467 844 530 retexto

115 552 257 618 Transiit
280 572 318 616 ex
341 550 488 616 Sodomis
511 549 661 634 olidaque
682 548 838 634 voragine
860 549 990 629 mortis,

115 636 249 703 Scandit
269 634 437 700 aromatici
459 633 583 699 caelum
605 635 698 717 quasi
719 633 845 719 virgula
867 633 965 716 lumi,

1 743 3 748 ·
115 723 293 786 Aeternum
314 722 447 784 teretem
469 719 612 816 psychen
635 718 766 803 collegit
786 718 821 783 in
844 718 963 783 orbem.

115 804 274 889 Sphaeras
296 803 450 868 caelestes
471 808 605 869 miratus
628 807 661 867 et
682 803 819 867 aetheris
841 803 950 887 ignes,

63 903 101 944 ²⁵⁵
116 887 291 971 Ornatum,
315 890 519 971 concentum,
542 890 702 953 crusmata
724 886 994 972 symphoniarum

115 973 239 1061 Crevit,
261 977 372 1038 nostra
394 972 461 1037 dies
484 976 605 1122 (ὲυωήα
626 972 686 1036 suh
708 974 803 1037 nocte
825 971 957 1050 iaceret,

114 1057 327 1142 Cantavitqne
348 1079 467 1122 novum
513 1059 568 1122 ion
591 1077 663 1120 eum
686 1056 853 1121 civibush
931 1078 999 1122 um.

113 1142 182 1208 Nec
203 1145 299 1208 latuit
320 1142 455 1207 iubilum
477 1141 559 1206 nulli
580 1139 740 1206 narrabile
762 1162 841 1205 mun
862 1162 931 1219 um;

113 1226 146 1293 N
147 1249 198 1291 am
213 1249 334 1311 pernox
349 1226 468 1291 eius-
480 1227 529 1313 vir
543 1225 584 1291 ad
594 1242 738 1311 unguem
748 1224 854 1291 factus
867 1262 906 1273 -
918 1225 1084 1309 alumnus,

61 1325 101 1366 760
115 1312 242 1376 Pernox
263 1312 298 1375 in
319 1310 451 1394 psalmis
470 1310 579 1458 fratria
603 1309 641 1374 de
664 1309 778 1375 funere
799 1310 902 1375 tristis
925 1325 930 1333 ·

113 1394 204 1460 Vidit
225 1395 387 1479 corporeis
410 1415 469 1459 ocu
483 1395 514 1459 is
534 1400 567 1461 et
587 1394 708 1459 lumine
730 1395 847 1460 mentis

113 1478 250 1545 Tantam
273 1479 454 1564 caeligenae
477 1480 618 1544 animam
641 1478 796 1545 deducere
817 1483 959 1562 turmas,

114 1564 228 1630 Audiit
248 1564 450 1649 hymnidicas
473 1585 616 1629 summae
638 1563 815 1629 dulcedinis
838 1564 927 1629 odas.

114 1648 183 1716 Nec
204 1672 313 1732 mora,
337 1649 511 1734 deliquium
533 1653 600 1714 tam
622 1649 700 1714 clari
722 1649 799 1714 solis
822 1649 973 1715 obortum

65 1747 103 1788 765
117 1734 238 1800 Luctus
258 1736 408 1820 ingentes
430 1735 493 1801 ciet
515 1732 724 1818 exemploque
746 1736 899 1799 carentes.

112 1817 192 1883 Eius
214 1820 250 1884 in
272 1820 420 1903 exequias
441 1819 508 1884 ruit
530 1820 635 1885 omnis
657 1839 751 1883 sexus
773 1823 806 1883 et
828 1821 934 1900 aetas,

114 1902 343 1968 incommune
364 1907 489 1987 patrem
510 1903 634 1986 patriae
657 1902 775 1968 deflent
797 1903 978 1968 abeuntem.

113 1984 257 2071 Cumque
280 1987 378 2050 sacris
399 2009 513 2052 saxum
536 1987 736 2071 quaesissent
757 1987 889 2052 artubus
912 1989 1038 2071 aptum,

113 2071 255 2136 Marmor
276 2092 335 2136 ceu
356 2070 486 2136 Parium
509 2072 625 2136 mulier
647 2071 803 2156 quaedam
825 2071 913 2137 dedit
934 2071 1059 2154 album,

61 2169 100 2209 770
114 2154 175 2221 Sed
197 2160 417 2221 mensuratum
439 2155 545 2221 medio
567 2156 674 2221 minus
696 2161 745 2221 est
766 2156 847 2240 pede
867 2156 984 2221 risum.

113 2239 249 2307 Deiecto
271 2247 428 2325 maerent,
452 2241 528 2326 quid
550 2246 665 2327 agant,
689 2241 846 2307 intentius
868 2241 1022 2322 haerent,

112 2324 193 2391 (lum
216 2328 280 2392 cito
302 2348 361 2410 per
383 2327 546 2406 meritum,
570 2327 656 2411 quod
678 2325 781 2391 defuit
795 2331 844 2391 eet
859 2324 1080 2409 duplicatum:

112 2408 205 2486 Quod
226 2415 343 2476 natura
363 2415 478 2495 negat,
502 2411 605 2476 virtus
627 2411 760 2476 uranica
780 2413 933 2494 praestat.

111 2493 231 2558 Tristes
253 2494 331 2557 hinc
353 2494 471 2559 hilares
494 2494 579 2557 busti
601 2494 740 2578 lapidem
761 2494 920 2578 polientes

60 2592 98 2632 ⁷⁷⁶
112 2575 241 2642 Partem
264 2578 441 2660 praecisam
464 2581 592 2642 servant
613 2579 717 2663 aegris
738 2579 947 2663 medicinam,

114 2659 242 2726 Pellunt
263 2661 383 2746 quippe
405 2683 518 2748 graves
541 2673 708 2747 segmenta
729 2664 853 2728 minuta
874 2662 1011 2733 dolores.

111 2742 234 2831 Corpus
256 2745 409 2813 defletum
430 2748 596 2831 deponunt
617 2747 652 2812 in
673 2747 902 2834 polyandrum,
996 2755 1081 2814 terr

177 2971 227 3021 766
251 2968 326 3021 etate
346 2966 372 3019 T
446 2972 494 3021 767
519 2965 674 3019 aromatica
692 2964 800 3020 coelum
818 2966 845 3020 T
922 2972 972 3022 763
996 2965 1080 3023 Eter-

108 3046 175 3084 num
196 3034 222 3087 T
273 3033 383 3102 hychen
403 3034 461 3088 GT
538 3039 589 3087 764
610 3032 731 3102 spherae
751 3034 777 3087 Τ
813 3033 960 3102 spensa
1001 3034 1080 3091 cele·

108 3096 209 3152 stesT
242 3117 257 3154 e
292 3100 391 3154 erisT
439 3107 489 3156 767
507 3101 750 3169 Syon-ymnum
770 3100 829 3156 GT
879 3107 926 3157 761
945 3100 1033 3157 Videt
1053 3102 1083 3158 T

109 3169 158 3219 762
176 3167 317 3236 caligonus
335 3167 362 3222 T
410 3224 414 3233 ,
445 3168 674 3224 resecanur
704 3168 862 3235 ymnidicas
881 3168 938 3225 TG
1025 3175 1079 3227 764

108 3232 238 3289 abortum
257 3235 449 3291 Ganuenta?
517 3241 567 3291 766
584 3237 645 3291 etas
664 3236 690 3290 T
758 3242 806 3292 767
825 3236 912 3293 deflet
931 3237 958 3292 T
1025 3242 1079 3295 768

109 3298 224 3356 GumT
256 3303 413 3371 quesissent
430 3305 457 3358 T
488 3303 631 3373 aptamT
698 3308 745 3357 771
769 3304 933 3360 DefeotaT
964 3308 1080 3361 merent

108 3396 141 3406 -
174 3369 313 3425 intencius
336 3371 394 3427 GT
475 3377 525 3428 773
552 3372 662 3441 prestet
685 3370 743 3426 GT
827 3377 877 3427 774
920 3372 996 3428 lares
1019 3373 1082 3430 GT

107 3439 157 3490 776
179 3439 318 3507 precisum
338 3438 397 3494 GT
429 3439 548 3511 egrisT
621 3444 669 3493 777
691 3439 872 3509 poliandrum
924 3440 950 3496 T
